@article{leonhardt21:select:rank:sar,
 author = {Jurek Leonhardt and Koustav Rudra and Avishek Anand},
 journal = {arXiv preprint arXiv:2106.12460},
 title = {Learnt Sparsity for Effective and Interpretable Document Ranking},
 url = {https://arxiv.org/abs/2106.12460},
 year = {2021}
}

