@inproceedings{DBLP:conf/fat/SinghA20,
 author = {Jaspreet Singh and
Avishek Anand},
 bibsource = {dblp computer science bibliography, https://dblp.org},
 biburl = {https://dblp.org/rec/conf/fat/SinghA20.bib},
 booktitle = {FAT* '20: Conference on Fairness, Accountability, and Transparency,
Barcelona, Spain, January 27-30, 2020},
 doi = {10.1145/3351095.3375234},
 editor = {Mireille Hildebrandt and
Carlos Castillo and
Elisa Celis and
Salvatore Ruggieri and
Linnet Taylor and
Gabriela Zanfir-Fortuna},
 pages = {618--628},
 publisher = {ACM},
 timestamp = {Thu, 26 Mar 2020 00:00:00 +0100},
 title = {Model agnostic interpretability of rankers via intent modelling},
 url = {https://doi.org/10.1145/3351095.3375234},
 year = {2020}
}

