@article{DBLP:journals/ans/HolzmannAK19,
 author = {Helge Holzmann and
Avishek Anand and
Megha Khosla},
 bibsource = {dblp computer science bibliography, https://dblp.org},
 biburl = {https://dblp.org/rec/journals/ans/HolzmannAK19.bib},
 doi = {10.1007/s41109-019-0201-9},
 journal = {Applied Network Science},
 number = {1},
 pages = {86:1--86:22},
 timestamp = {Thu, 07 Nov 2019 00:00:00 +0100},
 title = {Estimating PageRank deviations in crawled graphs},
 url = {https://doi.org/10.1007/s41109-019-0201-9},
 volume = {4},
 year = {2019}
}

