@inproceedings{DBLP:conf/cikm/FetahuMNA16,
 author = {Besnik Fetahu and
Katja Markert and
Wolfgang Nejdl and
Avishek Anand},
 bibsource = {dblp computer science bibliography, https://dblp.org},
 biburl = {https://dblp.org/rec/conf/cikm/FetahuMNA16.bib},
 booktitle = {Proceedings of the 25th ACM International Conference on Information
and Knowledge Management, CIKM 2016, Indianapolis, IN, USA, October
24-28, 2016},
 doi = {10.1145/2983323.2983808},
 editor = {Snehasis Mukhopadhyay and
ChengXiang Zhai and
Elisa Bertino and
Fabio Crestani and
Javed Mostafa and
Jie Tang and
Luo Si and
Xiaofang Zhou and
Yi Chang and
Yunyao Li and
Parikshit Sondhi},
 pages = {337--346},
 publisher = {ACM},
 timestamp = {Sat, 08 Feb 2020 13:06:37 +0100},
 title = {Finding News Citations for Wikipedia},
 url = {https://doi.org/10.1145/2983323.2983808},
 year = {2016}
}

