@inproceedings{DBLP:conf/websci/AnandB16,
 author = {Avishek Anand and
Jefferson Bailey},
 bibsource = {dblp computer science bibliography, https://dblp.org},
 biburl = {https://dblp.org/rec/conf/websci/AnandB16.bib},
 booktitle = {Proceedings of the 8th ACM Conference on Web Science, WebSci 2016,
Hannover, Germany, May 22-25, 2016},
 doi = {10.1145/2908131.2908212},
 editor = {Wolfgang Nejdl and
Wendy Hall and
Paolo Parigi and
Steffen Staab},
 pages = {14},
 publisher = {ACM},
 timestamp = {Tue, 06 Nov 2018 16:59:39 +0100},
 title = {Exploring the past of the web: alexandria & archive-it hackathon},
 url = {https://doi.org/10.1145/2908131.2908212},
 year = {2016}
}

