@article{DBLP:journals/corr/abs-1809-05190,
 archiveprefix = {arXiv},
 author = {Jaspreet Singh and
Avishek Anand},
 bibsource = {dblp computer science bibliography, https://dblp.org},
 biburl = {https://dblp.org/rec/journals/corr/abs-1809-05190.bib},
 eprint = {1809.05190},
 journal = {CoRR},
 timestamp = {Fri, 05 Oct 2018 01:00:00 +0200},
 title = {Interpreting search result rankings through intent modeling},
 url = {http://arxiv.org/abs/1809.05190},
 volume = {abs/1809.05190},
 year = {2018}
}

