@article{tfunke21:zorro,
 archiveprefix = {arXiv},
 author = {Thorben Funke and
Megha Khosla and
Avishek Anand},
 bibsource = {dblp computer science bibliography, https://dblp.org},
 biburl = {https://dblp.org/rec/journals/corr/abs-2105-08621.bib},
 eprint = {2105.08621},
 journal = {CoRR},
 timestamp = {Mon, 31 May 2021 01:00:00 +0200},
 title = {Zorro: Valid, Sparse, and Stable Explanations in Graph Neural Networks},
 url = {https://arxiv.org/abs/2105.08621},
 volume = {abs/2105.08621},
 year = {2021}
}

