@article{wallat2020bertnesia,
 author = {Wallat, Jonas and Singh, Jaspreet and Anand, Avishek},
 journal = {arXiv preprint arXiv:2010.09313},
 title = {BERTnesia: Investigating the capture and forgetting of knowledge in BERT},
 year = {2020}
}

