@inproceedings{DBLP:conf/sigir/HolzmannNA16,
 author = {Helge Holzmann and
Wolfgang Nejdl and
Avishek Anand},
 bibsource = {dblp computer science bibliography, https://dblp.org},
 biburl = {https://dblp.org/rec/conf/sigir/HolzmannNA16.bib},
 booktitle = {Proceedings of the 39th International ACM SIGIR conference on
Research and Development in Information Retrieval, SIGIR 2016, Pisa,
Italy, July 17-21, 2016},
 doi = {10.1145/2911451.2914724},
 editor = {Raffaele Perego and
Fabrizio Sebastiani and
Javed A. Aslam and
Ian Ruthven and
Justin Zobel},
 pages = {929--932},
 publisher = {ACM},
 timestamp = {Wed, 14 Nov 2018 10:58:11 +0100},
 title = {On the Applicability of Delicious for Temporal Search on Web Archives},
 url = {https://doi.org/10.1145/2911451.2914724},
 year = {2016}
}

