@article{leonhardt21:bertdmn,
 archiveprefix = {arXiv},
 author = {Jurek Leonhardt and
Fabian Beringer and
Avishek Anand},
 bibsource = {dblp computer science bibliography, https://dblp.org},
 biburl = {https://dblp.org/rec/journals/corr/abs-2106-07316.bib},
 eprint = {2106.07316},
 journal = {CoRR},
 timestamp = {Wed, 16 Jun 2021 01:00:00 +0200},
 title = {Exploiting Sentence-Level Representations for Passage Ranking},
 url = {https://arxiv.org/abs/2106.07316},
 volume = {abs/2106.07316},
 year = {2021}
}

