@article{rudra21:passage,
 archiveprefix = {arXiv},
 author = {Koustav Rudra and
Zeon Trevor Fernando and
Avishek Anand},
 bibsource = {dblp computer science bibliography, https://dblp.org},
 biburl = {https://dblp.org/rec/journals/corr/abs-2103-16669.bib},
 eprint = {2103.16669},
 journal = {CoRR},
 timestamp = {Wed, 07 Apr 2021 01:00:00 +0200},
 title = {An In-depth Analysis of Passage-Level Label Transfer for Contextual
Document Ranking},
 url = {https://arxiv.org/abs/2103.16669},
 volume = {abs/2103.16669},
 year = {2021}
}

