@inproceedings{setty2017modeling,
 author = {Setty, Vinay and Anand, Abhijit and Mishra, Arunav and Anand, Avishek},
 booktitle = {Proceedings of the Tenth ACM International Conference on Web Search and Data Mining},
 pages = {231--240},
 title = {Modeling event importance for ranking daily news events},
 year = {2017}
}

