@article{roy2020question,
 author = {Roy, Rishiraj Saha and Anand, Avishek},
 journal = {arXiv preprint arXiv:2004.11980},
 title = {Question Answering over Curated and Open Web Sources},
 year = {2020}
}

