@inproceedings{fetahu2015automated,
 author = {Fetahu, Besnik and Markert, Katja and Anand, Avishek},
 booktitle = {Proceedings of the 24th ACM International on Conference on Information and Knowledge Management},
 pages = {323--332},
 title = {Automated news suggestions for populating wikipedia entity pages},
 year = {2015}
}

