@inproceedings{anand2011temporal,
 author = {Anand, Avishek and Bedathur, Srikanta and Berberich, Klaus and Schenkel, Ralf},
 booktitle = {Proceedings of the 34th international ACM SIGIR conference on Research and development in Information Retrieval},
 pages = {545--554},
 title = {Temporal index sharding for space-time efficiency in archive search},
 year = {2011}
}

