@inproceedings{DBLP:conf/ntcir/FernandoSA16,
 author = {Zeon Trevor Fernando and
Jaspreet Singh and
Avishek Anand},
 bibsource = {dblp computer science bibliography, https://dblp.org},
 biburl = {https://dblp.org/rec/conf/ntcir/FernandoSA16.bib},
 booktitle = {Proceedings of the 12th NTCIR Conference on Evaluation of Information
Access Technologies, National Center of Sciences, Tokyo, Japan, June
7-10, 2016},
 editor = {Noriko Kando and
Tetsuya Sakai and
Mark Sanderson},
 publisher = {National Institute of Informatics (NII)},
 timestamp = {Thu, 12 Mar 2020 00:00:00 +0100},
 title = {L3S at the NTCIR-12 Temporal Information Access (Temporalia-2)
Task},
 url = {http://research.nii.ac.jp/ntcir/workshop/OnlineProceedings12/pdf/ntcir/TEMPORALIA/03-NTCIR12-TEMPORALIA-FernandoZ.pdf},
 year = {2016}
}

