@article{khosla2019comparative,
 author = {Khosla, Megha and Setty, Vinay and Anand, Avishek},
 journal = {IEEE Transactions on Knowledge and Data Engineering},
 publisher = {IEEE},
 title = {A Comparative Study for Unsupervised Network Representation Learning},
 year = {2019}
}

