@inproceedings{anand2012index,
 author = {Anand, Avishek and Bedathur, Srikanta and Berberich, Klaus and Schenkel, Ralf},
 booktitle = {Proceedings of the 35th international ACM SIGIR conference on Research and development in information retrieval},
 pages = {235--244},
 title = {Index maintenance for time-travel text search},
 year = {2012}
}

