@article{DBLP:journals/corr/TranNKGA17,
 archiveprefix = {arXiv},
 author = {Tuan Tran and
Claudia Nieder√©e and
Nattiya Kanhabua and
Ujwal Gadiraju and
Avishek Anand},
 bibsource = {dblp computer science bibliography, https://dblp.org},
 biburl = {https://dblp.org/rec/journals/corr/TranNKGA17.bib},
 eprint = {1701.03947},
 journal = {CoRR},
 timestamp = {Wed, 20 Feb 2019 00:00:00 +0100},
 title = {Balancing Novelty and Salience: Adaptive Learning to Rank Entities
for Timeline Summarization of High-impact Events},
 url = {http://arxiv.org/abs/1701.03947},
 volume = {abs/1701.03947},
 year = {2017}
}

