@inproceedings{singh2020model,
 author = {Singh, Jaspreet and Anand, Avishek},
 booktitle = {Proceedings of the 2020 Conference on Fairness, Accountability, and Transparency},
 pages = {618--628},
 title = {Model agnostic interpretability of rankers via intent modelling},
 year = {2020}
}

