@article{DBLP:journals/corr/abs-1907-06484,
 archiveprefix = {arXiv},
 author = {Zeon Trevor Fernando and
Jaspreet Singh and
Avishek Anand},
 bibsource = {dblp computer science bibliography, https://dblp.org},
 biburl = {https://dblp.org/rec/journals/corr/abs-1907-06484.bib},
 eprint = {1907.06484},
 journal = {CoRR},
 timestamp = {Wed, 17 Jul 2019 01:00:00 +0200},
 title = {A study on the Interpretability of Neural Retrieval Models using DeepSHAP},
 url = {http://arxiv.org/abs/1907.06484},
 volume = {abs/1907.06484},
 year = {2019}
}

