@inproceedings{DBLP:conf/www/LeonhardtAK20,
 author = {Jurek Leonhardt and
Avishek Anand and
Megha Khosla},
 bibsource = {dblp computer science bibliography, https://dblp.org},
 biburl = {https://dblp.org/rec/conf/www/LeonhardtAK20.bib},
 booktitle = {Companion of The 2020 Web Conference 2020, Taipei, Taiwan, April 20-24,
2020},
 doi = {10.1145/3366424.3383547},
 editor = {Amal El Fallah Seghrouchni and
Gita Sukthankar and
Tie-Yan Liu and
Maarten van Steen},
 pages = {226--229},
 publisher = {ACM / IW3C2},
 timestamp = {Wed, 06 May 2020 13:45:08 +0200},
 title = {Boilerplate Removal using a Neural Sequence Labeling Model},
 url = {https://doi.org/10.1145/3366424.3383547},
 year = {2020}
}

