@article{anand21:dagstuhl:forum,
 author = {Avishek Anand and
Lawrence Cavedon and
Matthias Hagen and
Hideo Joho and
Mark Sanderson and
Benno Stein},
 bibsource = {dblp computer science bibliography, https://dblp.org},
 biburl = {https://dblp.org/rec/journals/sigir/AnandCHJSS20.bib},
 doi = {10.1145/3451964.3451967},
 journal = {SIGIR Forum},
 number = {1},
 pages = {3:1--3:11},
 timestamp = {Mon, 26 Apr 2021 01:00:00 +0200},
 title = {Dagstuhl seminar 19461 on conversational search: seminar goals and
working group outcomes},
 url = {https://doi.org/10.1145/3451964.3451967},
 volume = {54},
 year = {2020}
}

