@article{DBLP:journals/ijmir/OttoSAE20,
 author = {Christian Otto and
Matthias Springstein and
Avishek Anand and
Ralph Ewerth},
 bibsource = {dblp computer science bibliography, https://dblp.org},
 biburl = {https://dblp.org/rec/journals/ijmir/OttoSAE20.bib},
 doi = {10.1007/s13735-019-00187-6},
 journal = {Int. J. Multim. Inf. Retr.},
 number = {1},
 pages = {31--45},
 timestamp = {Wed, 01 Apr 2020 01:00:00 +0200},
 title = {Characterization and classification of semantic image-text relations},
 url = {https://doi.org/10.1007/s13735-019-00187-6},
 volume = {9},
 year = {2020}
}

