@article{holzmann2019estimating,
 author = {Holzmann, Helge and Anand, Avishek and Khosla, Megha},
 journal = {Applied Network Science},
 number = {1},
 pages = {1--22},
 publisher = {SpringerOpen},
 title = {Estimating PageRank deviations in crawled graphs},
 volume = {4},
 year = {2019}
}

