@article{DBLP:journals/corr/abs-1211-3375,
 archiveprefix = {arXiv},
 author = {Stephan Seufert and
Avishek Anand and
Srikanta J. Bedathur and
Gerhard Weikum},
 bibsource = {dblp computer science bibliography, https://dblp.org},
 biburl = {https://dblp.org/rec/journals/corr/abs-1211-3375.bib},
 eprint = {1211.3375},
 journal = {CoRR},
 timestamp = {Mon, 13 Aug 2018 01:00:00 +0200},
 title = {High-Performance Reachability Query Processing under Index Size Restrictions},
 url = {http://arxiv.org/abs/1211.3375},
 volume = {abs/1211.3375},
 year = {2012}
}

