@inproceedings{anand2009everlast,
 author = {Anand, Avishek and Bedathur, Srikanta and Berberich, Klaus and Schenkel, Ralf and Tryfonopoulos, Christos},
 booktitle = {Proceedings of the 9th ACM/IEEE-CS joint conference on Digital libraries},
 pages = {331--340},
 title = {EverLast: a distributed architecture for preserving the web},
 year = {2009}
}

