@inproceedings{holzmann2018hak,
 author = {Holzmann, Helge and Anand, Avishek and Khosla, Megha},
 booktitle = {14th International Workshop on Mining and Learning with Graphs (MLG)-Co-located with 24th ACM SIGKDD International Conference on Knowledge Discovery and Data Mining (KDD), London, UK},
 title = {What the HAK? Estimating Ranking Deviations in Incomplete Graphs},
 year = {2018}
}

