@inproceedings{DBLP:conf/chiir/SinghA17,
 author = {Jaspreet Singh and
Avishek Anand},
 bibsource = {dblp computer science bibliography, https://dblp.org},
 biburl = {https://dblp.org/rec/conf/chiir/SinghA17.bib},
 booktitle = {Proceedings of the 2017 Conference on Conference Human Information
Interaction and Retrieval, CHIIR 2017, Oslo, Norway, March 7-11,
2017},
 doi = {10.1145/3020165.3022153},
 editor = {Ragnar Nordlie and
Nils Pharo and
Luanne Freund and
Birger Larsen and
Dan Russel},
 pages = {361--364},
 publisher = {ACM},
 timestamp = {Tue, 06 Nov 2018 16:57:30 +0100},
 title = {Designing Search Tasks for Archive Search},
 url = {https://doi.org/10.1145/3020165.3022153},
 year = {2017}
}

