@inproceedings{anand2010efficient,
 author = {Anand, Avishek and Bedathur, Srikanta and Berberich, Klaus and Schenkel, Ralf},
 booktitle = {Proceedings of the 19th ACM international conference on Information and knowledge management},
 organization = {ACM},
 pages = {699--708},
 title = {Efficient temporal keyword search over versioned text},
 year = {2010}
}

