@inproceedings{fernando2019study,
 author = {Fernando, Zeon Trevor and Singh, Jaspreet and Anand, Avishek},
 booktitle = {Proceedings of the 42nd International ACM SIGIR Conference on Research and Development in Information Retrieval},
 pages = {1005--1008},
 title = {A study on the Interpretability of Neural Retrieval Models using DeepSHAP},
 year = {2019}
}

