@article{anand2019asynchronous:alir,
 author = {Anand, Avishek and Khosla, Megha and Singh, Jaspreet and Zab, Jan-Hendrik and Zhang, Zijian},
 booktitle = {WSDM '19, The Fourteenth ACM International Conference on Web Search and Data Mining, 2019},
 title = {Asynchronous Training of Word Embeddings for Large Text Corpora},
 url = {https://arxiv.org/pdf/1812.03825.pdf},
 year = {2019}
}

