@inproceedings{erlei2020impact,
 author = {Erlei, Alexander and Nekdem, Franck and Meub, Lukas and Anand, Avishek and Gadiraju, Ujwal},
 booktitle = {Proceedings of the AAAI Conference on Human Computation and Crowdsourcing},
 number = {1},
 pages = {43--52},
 title = {Impact of Algorithmic Decision Making on Human Behavior: Evidence from Ultimatum Bargaining},
 volume = {8},
 year = {2020}
}

