@article{DBLP:journals/algorithmica/KhoslaA19,
 author = {Megha Khosla and
Avishek Anand},
 bibsource = {dblp computer science bibliography, https://dblp.org},
 biburl = {https://dblp.org/rec/journals/algorithmica/KhoslaA19.bib},
 doi = {10.1007/s00453-019-00595-4},
 journal = {Algorithmica},
 number = {9},
 pages = {3707--3724},
 timestamp = {Thu, 05 Sep 2019 01:00:00 +0200},
 title = {A Faster Algorithm for Cuckoo Insertion and Bipartite Matching in
Large Graphs},
 url = {https://doi.org/10.1007/s00453-019-00595-4},
 volume = {81},
 year = {2019}
}

