@article{DBLP:journals/ijmir/OttoSAE20,
  author    = {Christian Otto and
               Matthias Springstein and
               Avishek Anand and
               Ralph Ewerth},
  title     = {Characterization and classification of semantic image-text relations},
  journal   = {Int. J. Multim. Inf. Retr.},
  volume    = {9},
  number    = {1},
  pages     = {31--45},
  year      = {2020},
  url       = {https://doi.org/10.1007/s13735-019-00187-6},
  doi       = {10.1007/s13735-019-00187-6},
  timestamp = {Wed, 01 Apr 2020 01:00:00 +0200},
  biburl    = {https://dblp.org/rec/journals/ijmir/OttoSAE20.bib},
  bibsource = {dblp computer science bibliography, https://dblp.org}
}

@inproceedings{DBLP:conf/fat/SinghA20,
  author    = {Jaspreet Singh and
               Avishek Anand},
  editor    = {Mireille Hildebrandt and
               Carlos Castillo and
               Elisa Celis and
               Salvatore Ruggieri and
               Linnet Taylor and
               Gabriela Zanfir{-}Fortuna},
  title     = {Model agnostic interpretability of rankers via intent modelling},
  booktitle = {FAT* '20: Conference on Fairness, Accountability, and Transparency,
               Barcelona, Spain, January 27-30, 2020},
  pages     = {618--628},
  publisher = {{ACM}},
  year      = {2020},
  url       = {https://doi.org/10.1145/3351095.3375234},
  doi       = {10.1145/3351095.3375234},
  timestamp = {Thu, 26 Mar 2020 00:00:00 +0100},
  biburl    = {https://dblp.org/rec/conf/fat/SinghA20.bib},
  bibsource = {dblp computer science bibliography, https://dblp.org}
}

@inproceedings{DBLP:conf/www/LeonhardtAK20,
  author    = {Jurek Leonhardt and
               Avishek Anand and
               Megha Khosla},
  editor    = {Amal El Fallah Seghrouchni and
               Gita Sukthankar and
               Tie{-}Yan Liu and
               Maarten van Steen},
  title     = {Boilerplate Removal using a Neural Sequence Labeling Model},
  booktitle = {Companion of The 2020 Web Conference 2020, Taipei, Taiwan, April 20-24,
               2020},
  pages     = {226--229},
  publisher = {{ACM} / {IW3C2}},
  year      = {2020},
  url       = {https://doi.org/10.1145/3366424.3383547},
  doi       = {10.1145/3366424.3383547},
  timestamp = {Wed, 06 May 2020 13:45:08 +0200},
  biburl    = {https://dblp.org/rec/conf/www/LeonhardtAK20.bib},
  bibsource = {dblp computer science bibliography, https://dblp.org}
}

@article{DBLP:journals/corr/abs-2004-11980,
  author    = {Rishiraj Saha Roy and
               Avishek Anand},
  title     = {Question Answering over Curated and Open Web Sources},
  journal   = {CoRR},
  volume    = {abs/2004.11980},
  year      = {2020},
  url       = {https://arxiv.org/abs/2004.11980},
  archivePrefix = {arXiv},
  eprint    = {2004.11980},
  timestamp = {Tue, 28 Apr 2020 01:00:00 +0200},
  biburl    = {https://dblp.org/rec/journals/corr/abs-2004-11980.bib},
  bibsource = {dblp computer science bibliography, https://dblp.org}
}

@article{DBLP:journals/corr/abs-2004-13972,
  author    = {Jaspreet Singh and
               Megha Khosla and
               Avishek Anand},
  title     = {Valid Explanations for Learning to Rank Models},
  journal   = {CoRR},
  volume    = {abs/2004.13972},
  year      = {2020},
  url       = {https://arxiv.org/abs/2004.13972},
  archivePrefix = {arXiv},
  eprint    = {2004.13972},
  timestamp = {Sat, 02 May 2020 01:00:00 +0200},
  biburl    = {https://dblp.org/rec/journals/corr/abs-2004-13972.bib},
  bibsource = {dblp computer science bibliography, https://dblp.org}
}

@article{DBLP:journals/corr/abs-2005-08658,
  author    = {Avishek Anand and
               Lawrence Cavedon and
               Matthias Hagen and
               Hideo Joho and
               Mark Sanderson and
               Benno Stein},
  title     = {Conversational Search - {A} Report from Dagstuhl Seminar 19461},
  journal   = {CoRR},
  volume    = {abs/2005.08658},
  year      = {2020},
  url       = {https://arxiv.org/abs/2005.08658},
  archivePrefix = {arXiv},
  eprint    = {2005.08658},
  timestamp = {Fri, 22 May 2020 01:00:00 +0200},
  biburl    = {https://dblp.org/rec/journals/corr/abs-2005-08658.bib},
  bibsource = {dblp computer science bibliography, https://dblp.org}
}

@article{DBLP:journals/algorithmica/KhoslaA19,
  author    = {Megha Khosla and
               Avishek Anand},
  title     = {A Faster Algorithm for Cuckoo Insertion and Bipartite Matching in
               Large Graphs},
  journal   = {Algorithmica},
  volume    = {81},
  number    = {9},
  pages     = {3707--3724},
  year      = {2019},
  url       = {https://doi.org/10.1007/s00453-019-00595-4},
  doi       = {10.1007/s00453-019-00595-4},
  timestamp = {Thu, 05 Sep 2019 01:00:00 +0200},
  biburl    = {https://dblp.org/rec/journals/algorithmica/KhoslaA19.bib},
  bibsource = {dblp computer science bibliography, https://dblp.org}
}

@article{DBLP:journals/ans/HolzmannAK19,
  author    = {Helge Holzmann and
               Avishek Anand and
               Megha Khosla},
  title     = {Estimating PageRank deviations in crawled graphs},
  journal   = {Applied Network Science},
  volume    = {4},
  number    = {1},
  pages     = {86:1--86:22},
  year      = {2019},
  url       = {https://doi.org/10.1007/s41109-019-0201-9},
  doi       = {10.1007/s41109-019-0201-9},
  timestamp = {Thu, 07 Nov 2019 00:00:00 +0100},
  biburl    = {https://dblp.org/rec/journals/ans/HolzmannAK19.bib},
  bibsource = {dblp computer science bibliography, https://dblp.org}
}

@article{DBLP:journals/pacmhci/ZhangSGA19,
  author    = {Zijian Zhang and
               Jaspreet Singh and
               Ujwal Gadiraju and
               Avishek Anand},
  title     = {Dissonance Between Human and Machine Understanding},
  journal   = {{PACMHCI}},
  volume    = {3},
  number    = {{CSCW}},
  pages     = {56:1--56:23},
  year      = {2019},
  url       = {https://doi.org/10.1145/3359158},
  doi       = {10.1145/3359158},
  timestamp = {Tue, 12 Nov 2019 00:00:00 +0100},
  biburl    = {https://dblp.org/rec/journals/pacmhci/ZhangSGA19.bib},
  bibsource = {dblp computer science bibliography, https://dblp.org}
}

@inproceedings{DBLP:conf/chiir/KieselBSAH19,
  author    = {Johannes Kiesel and
               Arefeh Bahrami and
               Benno Stein and
               Avishek Anand and
               Matthias Hagen},
  editor    = {Leif Azzopardi and
               Martin Halvey and
               Ian Ruthven and
               Hideo Joho and
               Vanessa Murdock and
               Pernilla Qvarfordt},
  title     = {Clarifying False Memories in Voice-based Search},
  booktitle = {Proceedings of the 2019 Conference on Human Information Interaction
               and Retrieval, {CHIIR} 2019, Glasgow, Scotland, UK, March 10-14, 2019},
  pages     = {331--335},
  publisher = {{ACM}},
  year      = {2019},
  url       = {https://doi.org/10.1145/3295750.3298961},
  doi       = {10.1145/3295750.3298961},
  timestamp = {Wed, 30 Oct 2019 00:00:00 +0100},
  biburl    = {https://dblp.org/rec/conf/chiir/KieselBSAH19.bib},
  bibsource = {dblp computer science bibliography, https://dblp.org}
}

@inproceedings{DBLP:conf/mir/OttoSAE19,
  author    = {Christian Otto and
               Matthias Springstein and
               Avishek Anand and
               Ralph Ewerth},
  editor    = {Abdulmotaleb El{-}Saddik and
               Alberto Del Bimbo and
               Zhongfei Zhang and
               Alexander G. Hauptmann and
               K. Sel{\c{c}}uk Candan and
               Marco Bertini and
               Lexing Xie and
               Xiao{-}Yong Wei},
  title     = {Understanding, Categorizing and Predicting Semantic Image-Text Relations},
  booktitle = {Proceedings of the 2019 on International Conference on Multimedia
               Retrieval, {ICMR} 2019, Ottawa, ON, Canada, June 10-13, 2019},
  pages     = {168--176},
  publisher = {{ACM}},
  year      = {2019},
  url       = {https://doi.org/10.1145/3323873.3325049},
  doi       = {10.1145/3323873.3325049},
  timestamp = {Wed, 25 Sep 2019 01:00:00 +0200},
  biburl    = {https://dblp.org/rec/conf/mir/OttoSAE19.bib},
  bibsource = {dblp computer science bibliography, https://dblp.org}
}

@inproceedings{DBLP:conf/pkdd/IdahlKA19,
  author    = {Maximilian Idahl and
               Megha Khosla and
               Avishek Anand},
  editor    = {Peggy Cellier and
               Kurt Driessens},
  title     = {Finding Interpretable Concept Spaces in Node Embeddings Using Knowledge
               Bases},
  booktitle = {Machine Learning and Knowledge Discovery in Databases - International
               Workshops of {ECML} {PKDD} 2019, W{\"{u}}rzburg, Germany, September
               16-20, 2019, Proceedings, Part {I}},
  series    = {Communications in Computer and Information Science},
  volume    = {1167},
  pages     = {229--240},
  publisher = {Springer},
  year      = {2019},
  url       = {https://doi.org/10.1007/978-3-030-43823-4\_20},
  doi       = {10.1007/978-3-030-43823-4\_20},
  timestamp = {Tue, 31 Mar 2020 12:08:19 +0200},
  biburl    = {https://dblp.org/rec/conf/pkdd/IdahlKA19.bib},
  bibsource = {dblp computer science bibliography, https://dblp.org}
}

@inproceedings{DBLP:conf/pkdd/KhoslaLNA19,
  author    = {Megha Khosla and
               Jurek Leonhardt and
               Wolfgang Nejdl and
               Avishek Anand},
  editor    = {Ulf Brefeld and
               {\'{E}}lisa Fromont and
               Andreas Hotho and
               Arno J. Knobbe and
               Marloes H. Maathuis and
               C{\'{e}}line Robardet},
  title     = {Node Representation Learning for Directed Graphs},
  booktitle = {Machine Learning and Knowledge Discovery in Databases - European Conference,
               {ECML} {PKDD} 2019, W{\"{u}}rzburg, Germany, September 16-20, 2019,
               Proceedings, Part {I}},
  series    = {Lecture Notes in Computer Science},
  volume    = {11906},
  pages     = {395--411},
  publisher = {Springer},
  year      = {2019},
  url       = {https://doi.org/10.1007/978-3-030-46150-8\_24},
  doi       = {10.1007/978-3-030-46150-8\_24},
  timestamp = {Mon, 04 May 2020 13:59:16 +0200},
  biburl    = {https://dblp.org/rec/conf/pkdd/KhoslaLNA19.bib},
  bibsource = {dblp computer science bibliography, https://dblp.org}
}

@inproceedings{DBLP:conf/sigir/FernandoSA19,
  author    = {Zeon Trevor Fernando and
               Jaspreet Singh and
               Avishek Anand},
  editor    = {Benjamin Piwowarski and
               Max Chevalier and
               {\'{E}}ric Gaussier and
               Yoelle Maarek and
               Jian{-}Yun Nie and
               Falk Scholer},
  title     = {A study on the Interpretability of Neural Retrieval Models using DeepSHAP},
  booktitle = {Proceedings of the 42nd International {ACM} {SIGIR} Conference on
               Research and Development in Information Retrieval, {SIGIR} 2019, Paris,
               France, July 21-25, 2019},
  pages     = {1005--1008},
  publisher = {{ACM}},
  year      = {2019},
  url       = {https://doi.org/10.1145/3331184.3331312},
  doi       = {10.1145/3331184.3331312},
  timestamp = {Sun, 21 Jul 2019 17:52:47 +0200},
  biburl    = {https://dblp.org/rec/conf/sigir/FernandoSA19.bib},
  bibsource = {dblp computer science bibliography, https://dblp.org}
}

@inproceedings{DBLP:conf/wsdm/AnandKSZZ19,
  author    = {Avishek Anand and
               Megha Khosla and
               Jaspreet Singh and
               Jan{-}Hendrik Zab and
               Zijian Zhang},
  editor    = {J. Shane Culpepper and
               Alistair Moffat and
               Paul N. Bennett and
               Kristina Lerman},
  title     = {Asynchronous Training of Word Embeddings for Large Text Corpora},
  booktitle = {Proceedings of the Twelfth {ACM} International Conference on Web Search
               and Data Mining, {WSDM} 2019, Melbourne, VIC, Australia, February
               11-15, 2019},
  pages     = {168--176},
  publisher = {{ACM}},
  year      = {2019},
  url       = {https://doi.org/10.1145/3289600.3291011},
  doi       = {10.1145/3289600.3291011},
  timestamp = {Sat, 30 May 2020 20:02:29 +0200},
  biburl    = {https://dblp.org/rec/conf/wsdm/AnandKSZZ19.bib},
  bibsource = {dblp computer science bibliography, https://dblp.org}
}

@inproceedings{DBLP:conf/wsdm/SinghA19,
  author    = {Jaspreet Singh and
               Avishek Anand},
  editor    = {J. Shane Culpepper and
               Alistair Moffat and
               Paul N. Bennett and
               Kristina Lerman},
  title     = {{EXS:} Explainable Search Using Local Model Agnostic Interpretability},
  booktitle = {Proceedings of the Twelfth {ACM} International Conference on Web Search
               and Data Mining, {WSDM} 2019, Melbourne, VIC, Australia, February
               11-15, 2019},
  pages     = {770--773},
  publisher = {{ACM}},
  year      = {2019},
  url       = {https://doi.org/10.1145/3289600.3290620},
  doi       = {10.1145/3289600.3290620},
  timestamp = {Sat, 30 May 2020 20:02:29 +0200},
  biburl    = {https://dblp.org/rec/conf/wsdm/SinghA19.bib},
  bibsource = {dblp computer science bibliography, https://dblp.org}
}

@inproceedings{DBLP:conf/www/FetahuAK19,
  author    = {Besnik Fetahu and
               Avishek Anand and
               Maria Koutraki},
  editor    = {Ling Liu and
               Ryen W. White and
               Amin Mantrach and
               Fabrizio Silvestri and
               Julian J. McAuley and
               Ricardo Baeza{-}Yates and
               Leila Zia},
  title     = {TableNet: An Approach for Determining Fine-grained Relations for Wikipedia
               Tables},
  booktitle = {The World Wide Web Conference, {WWW} 2019, San Francisco, CA, USA,
               May 13-17, 2019},
  pages     = {2736--2742},
  publisher = {{ACM}},
  year      = {2019},
  url       = {https://doi.org/10.1145/3308558.3313629},
  doi       = {10.1145/3308558.3313629},
  timestamp = {Sat, 30 May 2020 01:00:00 +0200},
  biburl    = {https://dblp.org/rec/conf/www/FetahuAK19.bib},
  bibsource = {dblp computer science bibliography, https://dblp.org}
}

@article{DBLP:journals/corr/abs-1902-01740,
  author    = {Besnik Fetahu and
               Avishek Anand and
               Maria Koutraki},
  title     = {TableNet: An Approach for Determining Fine-grained Relations for Wikipedia
               Tables},
  journal   = {CoRR},
  volume    = {abs/1902.01740},
  year      = {2019},
  url       = {http://arxiv.org/abs/1902.01740},
  archivePrefix = {arXiv},
  eprint    = {1902.01740},
  timestamp = {Tue, 21 May 2019 01:00:00 +0200},
  biburl    = {https://dblp.org/rec/journals/corr/abs-1902-01740.bib},
  bibsource = {dblp computer science bibliography, https://dblp.org}
}

@article{DBLP:journals/corr/abs-1903-07902,
  author    = {Megha Khosla and
               Avishek Anand and
               Vinay Setty},
  title     = {A Comprehensive Comparison of Unsupervised Network Representation
               Learning Methods},
  journal   = {CoRR},
  volume    = {abs/1903.07902},
  year      = {2019},
  url       = {http://arxiv.org/abs/1903.07902},
  archivePrefix = {arXiv},
  eprint    = {1903.07902},
  timestamp = {Mon, 01 Apr 2019 01:00:00 +0200},
  biburl    = {https://dblp.org/rec/journals/corr/abs-1903-07902.bib},
  bibsource = {dblp computer science bibliography, https://dblp.org}
}

@article{DBLP:journals/corr/abs-1906-08595,
  author    = {Christian Otto and
               Matthias Springstein and
               Avishek Anand and
               Ralph Ewerth},
  title     = {Understanding, Categorizing and Predicting Semantic Image-Text Relations},
  journal   = {CoRR},
  volume    = {abs/1906.08595},
  year      = {2019},
  url       = {http://arxiv.org/abs/1906.08595},
  archivePrefix = {arXiv},
  eprint    = {1906.08595},
  timestamp = {Mon, 24 Jun 2019 01:00:00 +0200},
  biburl    = {https://dblp.org/rec/journals/corr/abs-1906-08595.bib},
  bibsource = {dblp computer science bibliography, https://dblp.org}
}

@article{DBLP:journals/corr/abs-1907-06484,
  author    = {Zeon Trevor Fernando and
               Jaspreet Singh and
               Avishek Anand},
  title     = {A study on the Interpretability of Neural Retrieval Models using DeepSHAP},
  journal   = {CoRR},
  volume    = {abs/1907.06484},
  year      = {2019},
  url       = {http://arxiv.org/abs/1907.06484},
  archivePrefix = {arXiv},
  eprint    = {1907.06484},
  timestamp = {Wed, 17 Jul 2019 01:00:00 +0200},
  biburl    = {https://dblp.org/rec/journals/corr/abs-1907-06484.bib},
  bibsource = {dblp computer science bibliography, https://dblp.org}
}

@article{DBLP:journals/corr/abs-1910-05030,
  author    = {Maximilian Idahl and
               Megha Khosla and
               Avishek Anand},
  title     = {Finding Interpretable Concept Spaces in Node Embeddings using Knowledge
               Bases},
  journal   = {CoRR},
  volume    = {abs/1910.05030},
  year      = {2019},
  url       = {http://arxiv.org/abs/1910.05030},
  archivePrefix = {arXiv},
  eprint    = {1910.05030},
  timestamp = {Wed, 16 Oct 2019 01:00:00 +0200},
  biburl    = {https://dblp.org/rec/journals/corr/abs-1910-05030.bib},
  bibsource = {dblp computer science bibliography, https://dblp.org}
}

@article{DBLP:journals/dagstuhl-reports/AnandCJSS19,
  author    = {Avishek Anand and
               Lawrence Cavedon and
               Hideo Joho and
               Mark Sanderson and
               Benno Stein},
  title     = {Conversational Search (Dagstuhl Seminar 19461)},
  journal   = {Dagstuhl Reports},
  volume    = {9},
  number    = {11},
  pages     = {34--83},
  year      = {2019},
  url       = {https://doi.org/10.4230/DagRep.9.11.34},
  doi       = {10.4230/DagRep.9.11.34},
  timestamp = {Tue, 14 Apr 2020 01:00:00 +0200},
  biburl    = {https://dblp.org/rec/journals/dagstuhl-reports/AnandCJSS19.bib},
  bibsource = {dblp computer science bibliography, https://dblp.org}
}

@inproceedings{DBLP:conf/complexnetworks/HolzmannAK18,
  author    = {Helge Holzmann and
               Avishek Anand and
               Megha Khosla},
  editor    = {Luca Maria Aiello and
               Chantal Cherifi and
               Hocine Cherifi and
               Renaud Lambiotte and
               Pietro Li{\'{o}} and
               Luis M. Rocha},
  title     = {Delusive PageRank in Incomplete Graphs},
  booktitle = {Complex Networks and Their Applications {VII} - Volume 1 Proceedings
               The 7th International Conference on Complex Networks and Their Applications
               {COMPLEX} {NETWORKS} 2018, Cambridge, UK, December 11-13, 2018},
  series    = {Studies in Computational Intelligence},
  volume    = {812},
  pages     = {104--117},
  publisher = {Springer},
  year      = {2018},
  url       = {https://doi.org/10.1007/978-3-030-05411-3\_9},
  doi       = {10.1007/978-3-030-05411-3\_9},
  timestamp = {Tue, 04 Dec 2018 09:57:54 +0100},
  biburl    = {https://dblp.org/rec/conf/complexnetworks/HolzmannAK18.bib},
  bibsource = {dblp computer science bibliography, https://dblp.org}
}

@inproceedings{DBLP:conf/hcomp/AnandBEGHMNS18,
  author    = {Avishek Anand and
               Kilian Bizer and
               Alexander Erlei and
               Ujwal Gadiraju and
               Christian Heinze and
               Lukas Meub and
               Wolfgang Nejdl and
               Bjoern Steinroetter},
  editor    = {Alessandro Bozzon and
               Matteo Venanzi},
  title     = {Effects of Algorithmic Decision-Making and Interpretability on Human
               Behavior: Experiments using Crowdsourcing},
  booktitle = {Proceedings of the {HCOMP} 2018 Works in Progress and Demonstration
               Papers Track of the sixth {AAAI} Conference on Human Computation and
               Crowdsourcing {(HCOMP} 2018), Zurich, Switzerland, July 5-8, 2018},
  series    = {{CEUR} Workshop Proceedings},
  volume    = {2173},
  publisher = {CEUR-WS.org},
  year      = {2018},
  url       = {http://ceur-ws.org/Vol-2173/paper5.pdf},
  timestamp = {Wed, 12 Feb 2020 16:45:15 +0100},
  biburl    = {https://dblp.org/rec/conf/hcomp/AnandBEGHMNS18.bib},
  bibsource = {dblp computer science bibliography, https://dblp.org}
}

@inproceedings{DBLP:conf/sigir/KieselBSAH18,
  author    = {Johannes Kiesel and
               Arefeh Bahrami and
               Benno Stein and
               Avishek Anand and
               Matthias Hagen},
  editor    = {Kevyn Collins{-}Thompson and
               Qiaozhu Mei and
               Brian D. Davison and
               Yiqun Liu and
               Emine Yilmaz},
  title     = {Toward Voice Query Clarification},
  booktitle = {The 41st International {ACM} {SIGIR} Conference on Research {\&} Development
               in Information Retrieval, {SIGIR} 2018, Ann Arbor, MI, USA, July 08-12,
               2018},
  pages     = {1257--1260},
  publisher = {{ACM}},
  year      = {2018},
  url       = {https://doi.org/10.1145/3209978.3210160},
  doi       = {10.1145/3209978.3210160},
  timestamp = {Wed, 30 Oct 2019 00:00:00 +0100},
  biburl    = {https://dblp.org/rec/conf/sigir/KieselBSAH18.bib},
  bibsource = {dblp computer science bibliography, https://dblp.org}
}

@inproceedings{DBLP:conf/www/LeonhardtAK18,
  author    = {Jurek Leonhardt and
               Avishek Anand and
               Megha Khosla},
  editor    = {Pierre{-}Antoine Champin and
               Fabien L. Gandon and
               Mounia Lalmas and
               Panagiotis G. Ipeirotis},
  title     = {User Fairness in Recommender Systems},
  booktitle = {Companion of the The Web Conference 2018 on The Web Conference 2018,
               {WWW} 2018, Lyon , France, April 23-27, 2018},
  pages     = {101--102},
  publisher = {{ACM}},
  year      = {2018},
  url       = {https://doi.org/10.1145/3184558.3186949},
  doi       = {10.1145/3184558.3186949},
  timestamp = {Wed, 21 Nov 2018 12:44:11 +0100},
  biburl    = {https://dblp.org/rec/conf/www/LeonhardtAK18.bib},
  bibsource = {dblp computer science bibliography, https://dblp.org}
}

@article{DBLP:journals/corr/abs-1806-11330,
  author    = {Jaspreet Singh and
               Avishek Anand},
  title     = {Posthoc Interpretability of Learning to Rank Models using Secondary
               Training Data},
  journal   = {CoRR},
  volume    = {abs/1806.11330},
  year      = {2018},
  url       = {http://arxiv.org/abs/1806.11330},
  archivePrefix = {arXiv},
  eprint    = {1806.11330},
  timestamp = {Mon, 13 Aug 2018 01:00:00 +0200},
  biburl    = {https://dblp.org/rec/journals/corr/abs-1806-11330.bib},
  bibsource = {dblp computer science bibliography, https://dblp.org}
}

@article{DBLP:journals/corr/abs-1807-06349,
  author    = {Jurek Leonhardt and
               Avishek Anand and
               Megha Khosla},
  title     = {User Fairness in Recommender Systems},
  journal   = {CoRR},
  volume    = {abs/1807.06349},
  year      = {2018},
  url       = {http://arxiv.org/abs/1807.06349},
  archivePrefix = {arXiv},
  eprint    = {1807.06349},
  timestamp = {Mon, 13 Aug 2018 01:00:00 +0200},
  biburl    = {https://dblp.org/rec/journals/corr/abs-1807-06349.bib},
  bibsource = {dblp computer science bibliography, https://dblp.org}
}

@article{DBLP:journals/corr/abs-1809-03857,
  author    = {Jaspreet Singh and
               Avishek Anand},
  title     = {{EXS:} Explainable Search Using Local Model Agnostic Interpretability},
  journal   = {CoRR},
  volume    = {abs/1809.03857},
  year      = {2018},
  url       = {http://arxiv.org/abs/1809.03857},
  archivePrefix = {arXiv},
  eprint    = {1809.03857},
  timestamp = {Fri, 05 Oct 2018 01:00:00 +0200},
  biburl    = {https://dblp.org/rec/journals/corr/abs-1809-03857.bib},
  bibsource = {dblp computer science bibliography, https://dblp.org}
}

@article{DBLP:journals/corr/abs-1809-05190,
  author    = {Jaspreet Singh and
               Avishek Anand},
  title     = {Interpreting search result rankings through intent modeling},
  journal   = {CoRR},
  volume    = {abs/1809.05190},
  year      = {2018},
  url       = {http://arxiv.org/abs/1809.05190},
  archivePrefix = {arXiv},
  eprint    = {1809.05190},
  timestamp = {Fri, 05 Oct 2018 01:00:00 +0200},
  biburl    = {https://dblp.org/rec/journals/corr/abs-1809-05190.bib},
  bibsource = {dblp computer science bibliography, https://dblp.org}
}

@article{DBLP:journals/corr/abs-1810-09176,
  author    = {Megha Khosla and
               Jurek Leonhardt and
               Wolfgang Nejdl and
               Avishek Anand},
  title     = {Node Representation Learning for Directed Graphs},
  journal   = {CoRR},
  volume    = {abs/1810.09176},
  year      = {2018},
  url       = {http://arxiv.org/abs/1810.09176},
  archivePrefix = {arXiv},
  eprint    = {1810.09176},
  timestamp = {Wed, 31 Oct 2018 00:00:00 +0100},
  biburl    = {https://dblp.org/rec/journals/corr/abs-1810-09176.bib},
  bibsource = {dblp computer science bibliography, https://dblp.org}
}

@article{DBLP:journals/corr/abs-1810-10251,
  author    = {Jaspreet Singh and
               Wolfgang Nejdl and
               Avishek Anand},
  title     = {History by Diversity: Helping Historians search News Archives},
  journal   = {CoRR},
  volume    = {abs/1810.10251},
  year      = {2018},
  url       = {http://arxiv.org/abs/1810.10251},
  archivePrefix = {arXiv},
  eprint    = {1810.10251},
  timestamp = {Wed, 31 Oct 2018 00:00:00 +0100},
  biburl    = {https://dblp.org/rec/journals/corr/abs-1810-10251.bib},
  bibsource = {dblp computer science bibliography, https://dblp.org}
}

@article{DBLP:journals/corr/abs-1810-10252,
  author    = {Jaspreet Singh and
               Johannes Hoffart and
               Avishek Anand},
  title     = {Discovering Entities with Just a Little Help from You},
  journal   = {CoRR},
  volume    = {abs/1810.10252},
  year      = {2018},
  url       = {http://arxiv.org/abs/1810.10252},
  archivePrefix = {arXiv},
  eprint    = {1810.10252},
  timestamp = {Wed, 31 Oct 2018 00:00:00 +0100},
  biburl    = {https://dblp.org/rec/journals/corr/abs-1810-10252.bib},
  bibsource = {dblp computer science bibliography, https://dblp.org}
}

@article{DBLP:journals/corr/abs-1810-10253,
  author    = {Jaspreet Singh and
               Avishek Anand},
  title     = {Designing Search Tasks for Archive Search},
  journal   = {CoRR},
  volume    = {abs/1810.10253},
  year      = {2018},
  url       = {http://arxiv.org/abs/1810.10253},
  archivePrefix = {arXiv},
  eprint    = {1810.10253},
  timestamp = {Wed, 31 Oct 2018 00:00:00 +0100},
  biburl    = {https://dblp.org/rec/journals/corr/abs-1810-10253.bib},
  bibsource = {dblp computer science bibliography, https://dblp.org}
}

@article{DBLP:journals/corr/abs-1810-10769,
  author    = {Jaspreet Singh and
               Wolfgang Nejdl and
               Avishek Anand},
  title     = {Expedition: {A} Time-Aware Exploratory Search System Designed for
               Scholars},
  journal   = {CoRR},
  volume    = {abs/1810.10769},
  year      = {2018},
  url       = {http://arxiv.org/abs/1810.10769},
  archivePrefix = {arXiv},
  eprint    = {1810.10769},
  timestamp = {Wed, 31 Oct 2018 00:00:00 +0100},
  biburl    = {https://dblp.org/rec/journals/corr/abs-1810-10769.bib},
  bibsource = {dblp computer science bibliography, https://dblp.org}
}

@article{DBLP:journals/corr/abs-1812-03825,
  author    = {Avishek Anand and
               Megha Khosla and
               Jaspreet Singh and
               Jan{-}Hendrik Zab and
               Zijian Zhang},
  title     = {Asynchronous Training of Word Embeddings for Large Text Corpora},
  journal   = {CoRR},
  volume    = {abs/1812.03825},
  year      = {2018},
  url       = {http://arxiv.org/abs/1812.03825},
  archivePrefix = {arXiv},
  eprint    = {1812.03825},
  timestamp = {Tue, 01 Jan 2019 00:00:00 +0100},
  biburl    = {https://dblp.org/rec/journals/corr/abs-1812-03825.bib},
  bibsource = {dblp computer science bibliography, https://dblp.org}
}

@inproceedings{DBLP:conf/chiir/SinghA17,
  author    = {Jaspreet Singh and
               Avishek Anand},
  editor    = {Ragnar Nordlie and
               Nils Pharo and
               Luanne Freund and
               Birger Larsen and
               Dan Russel},
  title     = {Designing Search Tasks for Archive Search},
  booktitle = {Proceedings of the 2017 Conference on Conference Human Information
               Interaction and Retrieval, {CHIIR} 2017, Oslo, Norway, March 7-11,
               2017},
  pages     = {361--364},
  publisher = {{ACM}},
  year      = {2017},
  url       = {https://doi.org/10.1145/3020165.3022153},
  doi       = {10.1145/3020165.3022153},
  timestamp = {Tue, 06 Nov 2018 16:57:30 +0100},
  biburl    = {https://dblp.org/rec/conf/chiir/SinghA17.bib},
  bibsource = {dblp computer science bibliography, https://dblp.org}
}

@inproceedings{DBLP:conf/emnlp/FetahuMA17,
  author    = {Besnik Fetahu and
               Katja Markert and
               Avishek Anand},
  editor    = {Martha Palmer and
               Rebecca Hwa and
               Sebastian Riedel},
  title     = {Fine Grained Citation Span for References in Wikipedia},
  booktitle = {Proceedings of the 2017 Conference on Empirical Methods in Natural
               Language Processing, {EMNLP} 2017, Copenhagen, Denmark, September
               9-11, 2017},
  pages     = {1990--1999},
  publisher = {Association for Computational Linguistics},
  year      = {2017},
  url       = {https://doi.org/10.18653/v1/d17-1212},
  doi       = {10.18653/v1/d17-1212},
  timestamp = {Sat, 30 May 2020 01:00:00 +0200},
  biburl    = {https://dblp.org/rec/conf/emnlp/FetahuMA17.bib},
  bibsource = {dblp computer science bibliography, https://dblp.org}
}

@inproceedings{DBLP:conf/sigir/ErnstMAS17,
  author    = {Patrick Ernst and
               Arunav Mishra and
               Avishek Anand and
               Vinay Setty},
  editor    = {Noriko Kando and
               Tetsuya Sakai and
               Hideo Joho and
               Hang Li and
               Arjen P. de Vries and
               Ryen W. White},
  title     = {BioNex: {A} System For Biomedical News Event Exploration},
  booktitle = {Proceedings of the 40th International {ACM} {SIGIR} Conference on
               Research and Development in Information Retrieval, Shinjuku, Tokyo,
               Japan, August 7-11, 2017},
  pages     = {1277--1280},
  publisher = {{ACM}},
  year      = {2017},
  url       = {https://doi.org/10.1145/3077136.3084150},
  doi       = {10.1145/3077136.3084150},
  timestamp = {Sat, 19 Oct 2019 01:00:00 +0200},
  biburl    = {https://dblp.org/rec/conf/sigir/ErnstMAS17.bib},
  bibsource = {dblp computer science bibliography, https://dblp.org}
}

@inproceedings{DBLP:conf/websci/HolzmannNA17,
  author    = {Helge Holzmann and
               Wolfgang Nejdl and
               Avishek Anand},
  editor    = {Peter Fox and
               Deborah L. McGuinness and
               Lindsay Poirier and
               Paolo Boldi and
               Katharina Kinder{-}Kurlanda},
  title     = {Exploring Web Archives Through Temporal Anchor Texts},
  booktitle = {Proceedings of the 2017 {ACM} on Web Science Conference, WebSci 2017,
               Troy, NY, USA, June 25 - 28, 2017},
  pages     = {289--298},
  publisher = {{ACM}},
  year      = {2017},
  url       = {https://doi.org/10.1145/3091478.3091500},
  doi       = {10.1145/3091478.3091500},
  timestamp = {Thu, 08 Nov 2018 08:13:55 +0100},
  biburl    = {https://dblp.org/rec/conf/websci/HolzmannNA17.bib},
  bibsource = {dblp computer science bibliography, https://dblp.org}
}

@inproceedings{DBLP:conf/wsdm/SettyAMA17,
  author    = {Vinay Setty and
               Abhijit Anand and
               Arunav Mishra and
               Avishek Anand},
  editor    = {Maarten de Rijke and
               Milad Shokouhi and
               Andrew Tomkins and
               Min Zhang},
  title     = {Modeling Event Importance for Ranking Daily News Events},
  booktitle = {Proceedings of the Tenth {ACM} International Conference on Web Search
               and Data Mining, {WSDM} 2017, Cambridge, United Kingdom, February
               6-10, 2017},
  pages     = {231--240},
  publisher = {{ACM}},
  year      = {2017},
  url       = {https://doi.org/10.1145/3018661.3018728},
  doi       = {10.1145/3018661.3018728},
  timestamp = {Sat, 19 Oct 2019 01:00:00 +0200},
  biburl    = {https://dblp.org/rec/conf/wsdm/SettyAMA17.bib},
  bibsource = {dblp computer science bibliography, https://dblp.org}
}

@article{DBLP:journals/corr/TranNKGA17,
  author    = {Tuan Tran and
               Claudia Nieder{\'{e}}e and
               Nattiya Kanhabua and
               Ujwal Gadiraju and
               Avishek Anand},
  title     = {Balancing Novelty and Salience: Adaptive Learning to Rank Entities
               for Timeline Summarization of High-impact Events},
  journal   = {CoRR},
  volume    = {abs/1701.03947},
  year      = {2017},
  url       = {http://arxiv.org/abs/1701.03947},
  archivePrefix = {arXiv},
  eprint    = {1701.03947},
  timestamp = {Wed, 20 Feb 2019 00:00:00 +0100},
  biburl    = {https://dblp.org/rec/journals/corr/TranNKGA17.bib},
  bibsource = {dblp computer science bibliography, https://dblp.org}
}

@article{DBLP:journals/corr/HolzmannGA17,
  author    = {Helge Holzmann and
               Vinay Goel and
               Avishek Anand},
  title     = {ArchiveSpark: Efficient Web Archive Access, Extraction and Derivation},
  journal   = {CoRR},
  volume    = {abs/1702.01015},
  year      = {2017},
  url       = {http://arxiv.org/abs/1702.01015},
  archivePrefix = {arXiv},
  eprint    = {1702.01015},
  timestamp = {Mon, 13 Aug 2018 01:00:00 +0200},
  biburl    = {https://dblp.org/rec/journals/corr/HolzmannGA17.bib},
  bibsource = {dblp computer science bibliography, https://dblp.org}
}

@article{DBLP:journals/corr/HolzmannA17,
  author    = {Helge Holzmann and
               Avishek Anand},
  title     = {Tempas: Temporal Archive Search Based on Tags},
  journal   = {CoRR},
  volume    = {abs/1702.01076},
  year      = {2017},
  url       = {http://arxiv.org/abs/1702.01076},
  archivePrefix = {arXiv},
  eprint    = {1702.01076},
  timestamp = {Mon, 13 Aug 2018 01:00:00 +0200},
  biburl    = {https://dblp.org/rec/journals/corr/HolzmannA17.bib},
  bibsource = {dblp computer science bibliography, https://dblp.org}
}

@article{DBLP:journals/corr/HolzmannNA17,
  author    = {Helge Holzmann and
               Wolfgang Nejdl and
               Avishek Anand},
  title     = {The Dawn of Today's Popular Domains: {A} Study of the Archived German
               Web over 18 Years},
  journal   = {CoRR},
  volume    = {abs/1702.01151},
  year      = {2017},
  url       = {http://arxiv.org/abs/1702.01151},
  archivePrefix = {arXiv},
  eprint    = {1702.01151},
  timestamp = {Mon, 13 Aug 2018 01:00:00 +0200},
  biburl    = {https://dblp.org/rec/journals/corr/HolzmannNA17.bib},
  bibsource = {dblp computer science bibliography, https://dblp.org}
}

@article{DBLP:journals/corr/HolzmannNA17a,
  author    = {Helge Holzmann and
               Wolfgang Nejdl and
               Avishek Anand},
  title     = {On the Applicability of Delicious for Temporal Search on Web Archives},
  journal   = {CoRR},
  volume    = {abs/1702.01159},
  year      = {2017},
  url       = {http://arxiv.org/abs/1702.01159},
  archivePrefix = {arXiv},
  eprint    = {1702.01159},
  timestamp = {Mon, 13 Aug 2018 01:00:00 +0200},
  biburl    = {https://dblp.org/rec/journals/corr/HolzmannNA17a.bib},
  bibsource = {dblp computer science bibliography, https://dblp.org}
}

@article{DBLP:journals/corr/FetahuMNA17,
  author    = {Besnik Fetahu and
               Katja Markert and
               Wolfgang Nejdl and
               Avishek Anand},
  title     = {Finding News Citations for Wikipedia},
  journal   = {CoRR},
  volume    = {abs/1703.10339},
  year      = {2017},
  url       = {http://arxiv.org/abs/1703.10339},
  archivePrefix = {arXiv},
  eprint    = {1703.10339},
  timestamp = {Mon, 13 Aug 2018 01:00:00 +0200},
  biburl    = {https://dblp.org/rec/journals/corr/FetahuMNA17.bib},
  bibsource = {dblp computer science bibliography, https://dblp.org}
}

@article{DBLP:journals/corr/FetahuMA17,
  author    = {Besnik Fetahu and
               Katja Markert and
               Avishek Anand},
  title     = {Automated News Suggestions for Populating Wikipedia Entity Pages},
  journal   = {CoRR},
  volume    = {abs/1703.10344},
  year      = {2017},
  url       = {http://arxiv.org/abs/1703.10344},
  archivePrefix = {arXiv},
  eprint    = {1703.10344},
  timestamp = {Mon, 13 Aug 2018 01:00:00 +0200},
  biburl    = {https://dblp.org/rec/journals/corr/FetahuMA17.bib},
  bibsource = {dblp computer science bibliography, https://dblp.org}
}

@article{DBLP:journals/corr/FetahuAA17,
  author    = {Besnik Fetahu and
               Abhijit Anand and
               Avishek Anand},
  title     = {How much is Wikipedia Lagging Behind News?},
  journal   = {CoRR},
  volume    = {abs/1703.10345},
  year      = {2017},
  url       = {http://arxiv.org/abs/1703.10345},
  archivePrefix = {arXiv},
  eprint    = {1703.10345},
  timestamp = {Mon, 13 Aug 2018 01:00:00 +0200},
  biburl    = {https://dblp.org/rec/journals/corr/FetahuAA17.bib},
  bibsource = {dblp computer science bibliography, https://dblp.org}
}

@article{DBLP:journals/corr/FetahuMA17aa,
  author    = {Besnik Fetahu and
               Katja Markert and
               Avishek Anand},
  title     = {Fine Grained Citation Span for References in Wikipedia},
  journal   = {CoRR},
  volume    = {abs/1707.07278},
  year      = {2017},
  url       = {http://arxiv.org/abs/1707.07278},
  archivePrefix = {arXiv},
  eprint    = {1707.07278},
  timestamp = {Mon, 13 Aug 2018 01:00:00 +0200},
  biburl    = {https://dblp.org/rec/journals/corr/FetahuMA17aa.bib},
  bibsource = {dblp computer science bibliography, https://dblp.org}
}

@inproceedings{DBLP:conf/chiir/SinghNA16,
  author    = {Jaspreet Singh and
               Wolfgang Nejdl and
               Avishek Anand},
  editor    = {Diane Kelly and
               Robert Capra and
               Nicholas J. Belkin and
               Jaime Teevan and
               Pertti Vakkari},
  title     = {History by Diversity: Helping Historians search News Archives},
  booktitle = {Proceedings of the 2016 {ACM} Conference on Human Information Interaction
               and Retrieval, {CHIIR} 2016, Carrboro, North Carolina, USA, March
               13-17, 2016},
  pages     = {183--192},
  publisher = {{ACM}},
  year      = {2016},
  url       = {https://doi.org/10.1145/2854946.2854959},
  doi       = {10.1145/2854946.2854959},
  timestamp = {Tue, 06 Nov 2018 16:57:30 +0100},
  biburl    = {https://dblp.org/rec/conf/chiir/SinghNA16.bib},
  bibsource = {dblp computer science bibliography, https://dblp.org}
}

@inproceedings{DBLP:conf/cikm/FetahuMNA16,
  author    = {Besnik Fetahu and
               Katja Markert and
               Wolfgang Nejdl and
               Avishek Anand},
  editor    = {Snehasis Mukhopadhyay and
               ChengXiang Zhai and
               Elisa Bertino and
               Fabio Crestani and
               Javed Mostafa and
               Jie Tang and
               Luo Si and
               Xiaofang Zhou and
               Yi Chang and
               Yunyao Li and
               Parikshit Sondhi},
  title     = {Finding News Citations for Wikipedia},
  booktitle = {Proceedings of the 25th {ACM} International Conference on Information
               and Knowledge Management, {CIKM} 2016, Indianapolis, IN, USA, October
               24-28, 2016},
  pages     = {337--346},
  publisher = {{ACM}},
  year      = {2016},
  url       = {https://doi.org/10.1145/2983323.2983808},
  doi       = {10.1145/2983323.2983808},
  timestamp = {Sat, 08 Feb 2020 13:06:37 +0100},
  biburl    = {https://dblp.org/rec/conf/cikm/FetahuMNA16.bib},
  bibsource = {dblp computer science bibliography, https://dblp.org}
}

@inproceedings{DBLP:conf/cikm/SinghHA16,
  author    = {Jaspreet Singh and
               Johannes Hoffart and
               Avishek Anand},
  editor    = {Snehasis Mukhopadhyay and
               ChengXiang Zhai and
               Elisa Bertino and
               Fabio Crestani and
               Javed Mostafa and
               Jie Tang and
               Luo Si and
               Xiaofang Zhou and
               Yi Chang and
               Yunyao Li and
               Parikshit Sondhi},
  title     = {Discovering Entities with Just a Little Help from You},
  booktitle = {Proceedings of the 25th {ACM} International Conference on Information
               and Knowledge Management, {CIKM} 2016, Indianapolis, IN, USA, October
               24-28, 2016},
  pages     = {1331--1340},
  publisher = {{ACM}},
  year      = {2016},
  url       = {https://doi.org/10.1145/2983323.2983798},
  doi       = {10.1145/2983323.2983798},
  timestamp = {Sat, 08 Feb 2020 13:06:37 +0100},
  biburl    = {https://dblp.org/rec/conf/cikm/SinghHA16.bib},
  bibsource = {dblp computer science bibliography, https://dblp.org}
}

@inproceedings{DBLP:conf/jcdl/HolzmannNA16,
  author    = {Helge Holzmann and
               Wolfgang Nejdl and
               Avishek Anand},
  editor    = {Nabil R. Adam and
               Lillian (Boots) Cassel and
               Yelena Yesha and
               Richard Furuta and
               Michele C. Weigle},
  title     = {The Dawn of Today's Popular Domains: {A} Study of the Archived German
               Web over 18 Years},
  booktitle = {Proceedings of the 16th {ACM/IEEE-CS} on Joint Conference on Digital
               Libraries, {JCDL} 2016, Newark, NJ, USA, June 19 - 23, 2016},
  pages     = {73--82},
  publisher = {{ACM}},
  year      = {2016},
  url       = {https://doi.org/10.1145/2910896.2910901},
  doi       = {10.1145/2910896.2910901},
  timestamp = {Tue, 06 Nov 2018 00:00:00 +0100},
  biburl    = {https://dblp.org/rec/conf/jcdl/HolzmannNA16.bib},
  bibsource = {dblp computer science bibliography, https://dblp.org}
}

@inproceedings{DBLP:conf/jcdl/HolzmannGA16,
  author    = {Helge Holzmann and
               Vinay Goel and
               Avishek Anand},
  editor    = {Nabil R. Adam and
               Lillian (Boots) Cassel and
               Yelena Yesha and
               Richard Furuta and
               Michele C. Weigle},
  title     = {ArchiveSpark: Efficient Web Archive Access, Extraction and Derivation},
  booktitle = {Proceedings of the 16th {ACM/IEEE-CS} on Joint Conference on Digital
               Libraries, {JCDL} 2016, Newark, NJ, USA, June 19 - 23, 2016},
  pages     = {83--92},
  publisher = {{ACM}},
  year      = {2016},
  url       = {https://doi.org/10.1145/2910896.2910902},
  doi       = {10.1145/2910896.2910902},
  timestamp = {Tue, 06 Nov 2018 00:00:00 +0100},
  biburl    = {https://dblp.org/rec/conf/jcdl/HolzmannGA16.bib},
  bibsource = {dblp computer science bibliography, https://dblp.org}
}

@inproceedings{DBLP:conf/ntcir/FernandoSA16,
  author    = {Zeon Trevor Fernando and
               Jaspreet Singh and
               Avishek Anand},
  editor    = {Noriko Kando and
               Tetsuya Sakai and
               Mark Sanderson},
  title     = {{L3S} at the {NTCIR-12} Temporal Information Access (Temporalia-2)
               Task},
  booktitle = {Proceedings of the 12th {NTCIR} Conference on Evaluation of Information
               Access Technologies, National Center of Sciences, Tokyo, Japan, June
               7-10, 2016},
  publisher = {National Institute of Informatics {(NII)}},
  year      = {2016},
  url       = {http://research.nii.ac.jp/ntcir/workshop/OnlineProceedings12/pdf/ntcir/TEMPORALIA/03-NTCIR12-TEMPORALIA-FernandoZ.pdf},
  timestamp = {Thu, 12 Mar 2020 00:00:00 +0100},
  biburl    = {https://dblp.org/rec/conf/ntcir/FernandoSA16.bib},
  bibsource = {dblp computer science bibliography, https://dblp.org}
}

@inproceedings{DBLP:conf/sigir/HolzmannNA16,
  author    = {Helge Holzmann and
               Wolfgang Nejdl and
               Avishek Anand},
  editor    = {Raffaele Perego and
               Fabrizio Sebastiani and
               Javed A. Aslam and
               Ian Ruthven and
               Justin Zobel},
  title     = {On the Applicability of Delicious for Temporal Search on Web Archives},
  booktitle = {Proceedings of the 39th International {ACM} {SIGIR} conference on
               Research and Development in Information Retrieval, {SIGIR} 2016, Pisa,
               Italy, July 17-21, 2016},
  pages     = {929--932},
  publisher = {{ACM}},
  year      = {2016},
  url       = {https://doi.org/10.1145/2911451.2914724},
  doi       = {10.1145/2911451.2914724},
  timestamp = {Wed, 14 Nov 2018 10:58:11 +0100},
  biburl    = {https://dblp.org/rec/conf/sigir/HolzmannNA16.bib},
  bibsource = {dblp computer science bibliography, https://dblp.org}
}

@inproceedings{DBLP:conf/sigir/SinghNA16,
  author    = {Jaspreet Singh and
               Wolfgang Nejdl and
               Avishek Anand},
  editor    = {Raffaele Perego and
               Fabrizio Sebastiani and
               Javed A. Aslam and
               Ian Ruthven and
               Justin Zobel},
  title     = {Expedition: {A} Time-Aware Exploratory Search System Designed for
               Scholars},
  booktitle = {Proceedings of the 39th International {ACM} {SIGIR} conference on
               Research and Development in Information Retrieval, {SIGIR} 2016, Pisa,
               Italy, July 17-21, 2016},
  pages     = {1105--1108},
  publisher = {{ACM}},
  year      = {2016},
  url       = {https://doi.org/10.1145/2911451.2911465},
  doi       = {10.1145/2911451.2911465},
  timestamp = {Wed, 14 Nov 2018 10:58:11 +0100},
  biburl    = {https://dblp.org/rec/conf/sigir/SinghNA16.bib},
  bibsource = {dblp computer science bibliography, https://dblp.org}
}

@inproceedings{DBLP:conf/sigir/KanhabuaA16,
  author    = {Nattiya Kanhabua and
               Avishek Anand},
  editor    = {Raffaele Perego and
               Fabrizio Sebastiani and
               Javed A. Aslam and
               Ian Ruthven and
               Justin Zobel},
  title     = {Temporal Information Retrieval},
  booktitle = {Proceedings of the 39th International {ACM} {SIGIR} conference on
               Research and Development in Information Retrieval, {SIGIR} 2016, Pisa,
               Italy, July 17-21, 2016},
  pages     = {1235--1238},
  publisher = {{ACM}},
  year      = {2016},
  url       = {https://doi.org/10.1145/2911451.2914805},
  doi       = {10.1145/2911451.2914805},
  timestamp = {Wed, 14 Nov 2018 10:58:11 +0100},
  biburl    = {https://dblp.org/rec/conf/sigir/KanhabuaA16.bib},
  bibsource = {dblp computer science bibliography, https://dblp.org}
}

@inproceedings{DBLP:conf/websci/AnandB16,
  author    = {Avishek Anand and
               Jefferson Bailey},
  editor    = {Wolfgang Nejdl and
               Wendy Hall and
               Paolo Parigi and
               Steffen Staab},
  title     = {Exploring the past of the web: alexandria {\&} archive-it hackathon},
  booktitle = {Proceedings of the 8th {ACM} Conference on Web Science, WebSci 2016,
               Hannover, Germany, May 22-25, 2016},
  pages     = {14},
  publisher = {{ACM}},
  year      = {2016},
  url       = {https://doi.org/10.1145/2908131.2908212},
  doi       = {10.1145/2908131.2908212},
  timestamp = {Tue, 06 Nov 2018 16:59:39 +0100},
  biburl    = {https://dblp.org/rec/conf/websci/AnandB16.bib},
  bibsource = {dblp computer science bibliography, https://dblp.org}
}

@inproceedings{DBLP:conf/www/HoffartMWAS16,
  author    = {Johannes Hoffart and
               Dragan Milchevski and
               Gerhard Weikum and
               Avishek Anand and
               Jaspreet Singh},
  editor    = {Jacqueline Bourdeau and
               Jim Hendler and
               Roger Nkambou and
               Ian Horrocks and
               Ben Y. Zhao},
  title     = {The Knowledge Awakens: Keeping Knowledge Bases Fresh with Emerging
               Entities},
  booktitle = {Proceedings of the 25th International Conference on World Wide Web,
               {WWW} 2016, Montreal, Canada, April 11-15, 2016, Companion Volume},
  pages     = {203--206},
  publisher = {{ACM}},
  year      = {2016},
  url       = {https://doi.org/10.1145/2872518.2890537},
  doi       = {10.1145/2872518.2890537},
  timestamp = {Tue, 06 Nov 2018 00:00:00 +0100},
  biburl    = {https://dblp.org/rec/conf/www/HoffartMWAS16.bib},
  bibsource = {dblp computer science bibliography, https://dblp.org}
}

@inproceedings{DBLP:conf/www/HolzmannA16,
  author    = {Helge Holzmann and
               Avishek Anand},
  editor    = {Jacqueline Bourdeau and
               Jim Hendler and
               Roger Nkambou and
               Ian Horrocks and
               Ben Y. Zhao},
  title     = {Tempas: Temporal Archive Search Based on Tags},
  booktitle = {Proceedings of the 25th International Conference on World Wide Web,
               {WWW} 2016, Montreal, Canada, April 11-15, 2016, Companion Volume},
  pages     = {207--210},
  publisher = {{ACM}},
  year      = {2016},
  url       = {https://doi.org/10.1145/2872518.2890555},
  doi       = {10.1145/2872518.2890555},
  timestamp = {Tue, 06 Nov 2018 00:00:00 +0100},
  biburl    = {https://dblp.org/rec/conf/www/HolzmannA16.bib},
  bibsource = {dblp computer science bibliography, https://dblp.org}
}

@article{DBLP:journals/corr/KhoslaA16,
  author    = {Megha Khosla and
               Avishek Anand},
  title     = {A Faster Algorithm for Cuckoo Insertion and Bipartite Matching in
               Large Graphs},
  journal   = {CoRR},
  volume    = {abs/1611.07786},
  year      = {2016},
  url       = {http://arxiv.org/abs/1611.07786},
  archivePrefix = {arXiv},
  eprint    = {1611.07786},
  timestamp = {Mon, 13 Aug 2018 01:00:00 +0200},
  biburl    = {https://dblp.org/rec/journals/corr/KhoslaA16.bib},
  bibsource = {dblp computer science bibliography, https://dblp.org}
}

@inproceedings{DBLP:conf/cikm/FetahuMA15,
  author    = {Besnik Fetahu and
               Katja Markert and
               Avishek Anand},
  editor    = {James Bailey and
               Alistair Moffat and
               Charu C. Aggarwal and
               Maarten de Rijke and
               Ravi Kumar and
               Vanessa Murdock and
               Timos K. Sellis and
               Jeffrey Xu Yu},
  title     = {Automated News Suggestions for Populating Wikipedia Entity Pages},
  booktitle = {Proceedings of the 24th {ACM} International Conference on Information
               and Knowledge Management, {CIKM} 2015, Melbourne, VIC, Australia,
               October 19 - 23, 2015},
  pages     = {323--332},
  publisher = {{ACM}},
  year      = {2015},
  url       = {https://doi.org/10.1145/2806416.2806531},
  doi       = {10.1145/2806416.2806531},
  timestamp = {Sat, 30 May 2020 01:00:00 +0200},
  biburl    = {https://dblp.org/rec/conf/cikm/FetahuMA15.bib},
  bibsource = {dblp computer science bibliography, https://dblp.org}
}

@inproceedings{DBLP:conf/cikm/TranNKGA15,
  author    = {Tuan Tran and
               Claudia Nieder{\'{e}}e and
               Nattiya Kanhabua and
               Ujwal Gadiraju and
               Avishek Anand},
  editor    = {James Bailey and
               Alistair Moffat and
               Charu C. Aggarwal and
               Maarten de Rijke and
               Ravi Kumar and
               Vanessa Murdock and
               Timos K. Sellis and
               Jeffrey Xu Yu},
  title     = {Balancing Novelty and Salience: Adaptive Learning to Rank Entities
               for Timeline Summarization of High-impact Events},
  booktitle = {Proceedings of the 24th {ACM} International Conference on Information
               and Knowledge Management, {CIKM} 2015, Melbourne, VIC, Australia,
               October 19 - 23, 2015},
  pages     = {1201--1210},
  publisher = {{ACM}},
  year      = {2015},
  url       = {https://doi.org/10.1145/2806416.2806486},
  doi       = {10.1145/2806416.2806486},
  timestamp = {Tue, 16 Apr 2019 17:19:28 +0200},
  biburl    = {https://dblp.org/rec/conf/cikm/TranNKGA15.bib},
  bibsource = {dblp computer science bibliography, https://dblp.org}
}

@inproceedings{DBLP:conf/edbt/MilchevskiAM15,
  author    = {Evica Milchevski and
               Avishek Anand and
               Sebastian Michel},
  editor    = {Gustavo Alonso and
               Floris Geerts and
               Lucian Popa and
               Pablo Barcel{\'{o}} and
               Jens Teubner and
               Mart{\'{\i}}n Ugarte and
               Jan Van den Bussche and
               Jan Paredaens},
  title     = {The Sweet Spot between Inverted Indices and Metric-Space Indexing
               for Top-K-List Similarity Search},
  booktitle = {Proceedings of the 18th International Conference on Extending Database
               Technology, {EDBT} 2015, Brussels, Belgium, March 23-27, 2015},
  pages     = {253--264},
  publisher = {OpenProceedings.org},
  year      = {2015},
  url       = {https://doi.org/10.5441/002/edbt.2015.23},
  doi       = {10.5441/002/edbt.2015.23},
  timestamp = {Mon, 16 Jul 2018 01:00:00 +0200},
  biburl    = {https://dblp.org/rec/conf/edbt/MilchevskiAM15.bib},
  bibsource = {dblp computer science bibliography, https://dblp.org}
}

@inproceedings{DBLP:conf/websci/FetahuAA15,
  author    = {Besnik Fetahu and
               Abhijit Anand and
               Avishek Anand},
  editor    = {David De Roure and
               Pete Burnap and
               Susan Halford},
  title     = {How much is Wikipedia Lagging Behind News?},
  booktitle = {Proceedings of the {ACM} Web Science Conference, WebSci 2015, Oxford,
               United Kingdom, June 28 - July 1, 2015},
  pages     = {28:1--28:9},
  publisher = {{ACM}},
  year      = {2015},
  url       = {https://doi.org/10.1145/2786451.2786460},
  doi       = {10.1145/2786451.2786460},
  timestamp = {Sat, 24 Nov 2018 11:59:52 +0100},
  biburl    = {https://dblp.org/rec/conf/websci/FetahuAA15.bib},
  bibsource = {dblp computer science bibliography, https://dblp.org}
}

@inproceedings{DBLP:conf/websci/SinghASA15,
  author    = {Jaspreet Singh and
               Abhijit Anand and
               Vinay Setty and
               Avishek Anand},
  editor    = {David De Roure and
               Pete Burnap and
               Susan Halford},
  title     = {Exploring Long Running News Stories using Wikipedia},
  booktitle = {Proceedings of the {ACM} Web Science Conference, WebSci 2015, Oxford,
               United Kingdom, June 28 - July 1, 2015},
  pages     = {57:1--57:2},
  publisher = {{ACM}},
  year      = {2015},
  url       = {https://doi.org/10.1145/2786451.2786489},
  doi       = {10.1145/2786451.2786489},
  timestamp = {Sat, 30 May 2020 01:00:00 +0200},
  biburl    = {https://dblp.org/rec/conf/websci/SinghASA15.bib},
  bibsource = {dblp computer science bibliography, https://dblp.org}
}

@inproceedings{DBLP:conf/cikm/AnandMBB14,
  author    = {Avishek Anand and
               Ida Mele and
               Srikanta J. Bedathur and
               Klaus Berberich},
  editor    = {Jianzhong Li and
               Xiaoyang Sean Wang and
               Minos N. Garofalakis and
               Ian Soboroff and
               Torsten Suel and
               Min Wang},
  title     = {Phrase Query Optimization on Inverted Indexes},
  booktitle = {Proceedings of the 23rd {ACM} International Conference on Conference
               on Information and Knowledge Management, {CIKM} 2014, Shanghai, China,
               November 3-7, 2014},
  pages     = {1807--1810},
  publisher = {{ACM}},
  year      = {2014},
  url       = {https://doi.org/10.1145/2661829.2661928},
  doi       = {10.1145/2661829.2661928},
  timestamp = {Tue, 06 Nov 2018 00:00:00 +0100},
  biburl    = {https://dblp.org/rec/conf/cikm/AnandMBB14.bib},
  bibsource = {dblp computer science bibliography, https://dblp.org}
}

@phdthesis{DBLP:phd/dnb/Anand13,
  author    = {Avishek Anand},
  title     = {Indexing methods for web archives},
  school    = {Saarland University},
  year      = {2013},
  url       = {http://scidok.sulb.uni-saarland.de/volltexte/2013/5531/},
  timestamp = {Wed, 12 Feb 2020 00:00:00 +0100},
  biburl    = {https://dblp.org/rec/phd/dnb/Anand13.bib},
  bibsource = {dblp computer science bibliography, https://dblp.org}
}

@inproceedings{DBLP:conf/icde/SeufertABW13,
  author    = {Stephan Seufert and
               Avishek Anand and
               Srikanta J. Bedathur and
               Gerhard Weikum},
  editor    = {Christian S. Jensen and
               Christopher M. Jermaine and
               Xiaofang Zhou},
  title     = {{FERRARI:} Flexible and efficient reachability range assignment for
               graph indexing},
  booktitle = {29th {IEEE} International Conference on Data Engineering, {ICDE} 2013,
               Brisbane, Australia, April 8-12, 2013},
  pages     = {1009--1020},
  publisher = {{IEEE} Computer Society},
  year      = {2013},
  url       = {https://doi.org/10.1109/ICDE.2013.6544893},
  doi       = {10.1109/ICDE.2013.6544893},
  timestamp = {Thu, 21 Nov 2019 11:11:44 +0100},
  biburl    = {https://dblp.org/rec/conf/icde/SeufertABW13.bib},
  bibsource = {dblp computer science bibliography, https://dblp.org}
}

@inproceedings{DBLP:conf/sigir/AnandBBS12,
  author    = {Avishek Anand and
               Srikanta J. Bedathur and
               Klaus Berberich and
               Ralf Schenkel},
  editor    = {William R. Hersh and
               Jamie Callan and
               Yoelle Maarek and
               Mark Sanderson},
  title     = {Index maintenance for time-travel text search},
  booktitle = {The 35th International {ACM} {SIGIR} conference on research and development
               in Information Retrieval, {SIGIR} '12, Portland, OR, USA, August 12-16,
               2012},
  pages     = {235--244},
  publisher = {{ACM}},
  year      = {2012},
  url       = {https://doi.org/10.1145/2348283.2348318},
  doi       = {10.1145/2348283.2348318},
  timestamp = {Mon, 29 Jul 2019 01:00:00 +0200},
  biburl    = {https://dblp.org/rec/conf/sigir/AnandBBS12.bib},
  bibsource = {dblp computer science bibliography, https://dblp.org}
}

@article{DBLP:journals/corr/abs-1211-3375,
  author    = {Stephan Seufert and
               Avishek Anand and
               Srikanta J. Bedathur and
               Gerhard Weikum},
  title     = {High-Performance Reachability Query Processing under Index Size Restrictions},
  journal   = {CoRR},
  volume    = {abs/1211.3375},
  year      = {2012},
  url       = {http://arxiv.org/abs/1211.3375},
  archivePrefix = {arXiv},
  eprint    = {1211.3375},
  timestamp = {Mon, 13 Aug 2018 01:00:00 +0200},
  biburl    = {https://dblp.org/rec/journals/corr/abs-1211-3375.bib},
  bibsource = {dblp computer science bibliography, https://dblp.org}
}

@inproceedings{DBLP:conf/sigir/AnandBBS11,
  author    = {Avishek Anand and
               Srikanta J. Bedathur and
               Klaus Berberich and
               Ralf Schenkel},
  editor    = {Wei{-}Ying Ma and
               Jian{-}Yun Nie and
               Ricardo Baeza{-}Yates and
               Tat{-}Seng Chua and
               W. Bruce Croft},
  title     = {Temporal index sharding for space-time efficiency in archive search},
  booktitle = {Proceeding of the 34th International {ACM} {SIGIR} Conference on Research
               and Development in Information Retrieval, {SIGIR} 2011, Beijing, China,
               July 25-29, 2011},
  pages     = {545--554},
  publisher = {{ACM}},
  year      = {2011},
  url       = {https://doi.org/10.1145/2009916.2009991},
  doi       = {10.1145/2009916.2009991},
  timestamp = {Sun, 22 Sep 2019 18:15:38 +0200},
  biburl    = {https://dblp.org/rec/conf/sigir/AnandBBS11.bib},
  bibsource = {dblp computer science bibliography, https://dblp.org}
}

@inproceedings{DBLP:conf/cikm/AnandBBS10,
  author    = {Avishek Anand and
               Srikanta J. Bedathur and
               Klaus Berberich and
               Ralf Schenkel},
  editor    = {Jimmy Huang and
               Nick Koudas and
               Gareth J. F. Jones and
               Xindong Wu and
               Kevyn Collins{-}Thompson and
               Aijun An},
  title     = {Efficient temporal keyword search over versioned text},
  booktitle = {Proceedings of the 19th {ACM} Conference on Information and Knowledge
               Management, {CIKM} 2010, Toronto, Ontario, Canada, October 26-30,
               2010},
  pages     = {699--708},
  publisher = {{ACM}},
  year      = {2010},
  url       = {https://doi.org/10.1145/1871437.1871528},
  doi       = {10.1145/1871437.1871528},
  timestamp = {Mon, 29 Jul 2019 01:00:00 +0200},
  biburl    = {https://dblp.org/rec/conf/cikm/AnandBBS10.bib},
  bibsource = {dblp computer science bibliography, https://dblp.org}
}

@inproceedings{DBLP:conf/jcdl/AnandBBST09,
  author    = {Avishek Anand and
               Srikanta J. Bedathur and
               Klaus Berberich and
               Ralf Schenkel and
               Christos Tryfonopoulos},
  editor    = {Fred Heath and
               Mary Lynn Rice{-}Lively and
               Richard Furuta},
  title     = {EverLast: a distributed architecture for preserving the web},
  booktitle = {Proceedings of the 2009 Joint International Conference on Digital
               Libraries, {JCDL} 2009, Austin, TX, USA, June 15-19, 2009},
  pages     = {331--340},
  publisher = {{ACM}},
  year      = {2009},
  url       = {https://doi.org/10.1145/1555400.1555455},
  doi       = {10.1145/1555400.1555455},
  timestamp = {Mon, 29 Jul 2019 01:00:00 +0200},
  biburl    = {https://dblp.org/rec/conf/jcdl/AnandBBST09.bib},
  bibsource = {dblp computer science bibliography, https://dblp.org}
}
