@inproceedings{anand2009everlast,
  title={EverLast: a distributed architecture for preserving the web},
  author={Anand, Avishek and Bedathur, Srikanta and Berberich, Klaus and Schenkel, Ralf and Tryfonopoulos, Christos},
  booktitle={Proceedings of the 9th ACM/IEEE-CS joint conference on Digital libraries},
  pages={331--340},
  year={2009}
}

@inproceedings{anand2010efficient,
  title={Efficient temporal keyword search over versioned text},
  author={Anand, Avishek and Bedathur, Srikanta and Berberich, Klaus and Schenkel, Ralf},
  booktitle={Proceedings of the 19th ACM international conference on Information and knowledge management},
  pages={699--708},
  year={2010},
  organization={ACM}
}

@inproceedings{anand2011temporal,
  title={Temporal index sharding for space-time efficiency in archive search},
  author={Anand, Avishek and Bedathur, Srikanta and Berberich, Klaus and Schenkel, Ralf},
  booktitle={Proceedings of the 34th international ACM SIGIR conference on Research and development in Information Retrieval},
  pages={545--554},
  year={2011}
}

@inproceedings{anand2012index,
  title={Index maintenance for time-travel text search},
  author={Anand, Avishek and Bedathur, Srikanta and Berberich, Klaus and Schenkel, Ralf},
  booktitle={Proceedings of the 35th international ACM SIGIR conference on Research and development in information retrieval},
  pages={235--244},
  year={2012}
}

@inproceedings{paudel2013user,
  title={User-Defined Redundancy in Web Archives},
  author={Paudel, Bibek and Anand, Avishek and Berberich, Klaus},
  booktitle={Workshop on Large-Scale Distributed Systems for Information Retrieval, LSDS-IR 2013},
  pages={1984},
  year={2013}
}

@inproceedings{anand2014phrase,
  title={Phrase query optimization on inverted indexes},
  author={Anand, Avishek and Mele, Ida and Bedathur, Srikanta and Berberich, Klaus},
  booktitle={Proceedings of the 23rd ACM International Conference on Conference on Information and Knowledge Management},
  pages={1807--1810},
  year={2014}
}

@article{milchevski2015sweet,
  title={The Sweet Spot between Inverted Indices and Metric-Space Indexing for Top-K--List Similarity Searchâ‡¤},
  author={Milchevski, Evica and Anand, Avishek and Michel, Sebastian},
  year={2015}
}

@inproceedings{fetahu2015automated,
  title={Automated news suggestions for populating wikipedia entity pages},
  author={Fetahu, Besnik and Markert, Katja and Anand, Avishek},
  booktitle={Proceedings of the 24th ACM International on Conference on Information and Knowledge Management},
  pages={323--332},
  year={2015}
}

@inproceedings{fetahu2015much,
  title={How much is Wikipedia lagging behind news?},
  author={Fetahu, Besnik and Anand, Abhijit and Anand, Avishek},
  booktitle={Proceedings of the ACM Web Science Conference},
  pages={1--9},
  year={2015}
}

@inproceedings{tran2015balancing,
  title={Balancing novelty and salience: Adaptive learning to rank entities for timeline summarization of high-impact events},
  author={Tran, Tuan A and Niederee, Claudia and Kanhabua, Nattiya and Gadiraju, Ujwal and Anand, Avishek},
  booktitle={Proceedings of the 24th ACM International on Conference on Information and Knowledge Management},
  pages={1201--1210},
  year={2015}
}

@inproceedings{holzmann2016tempas,
  title={Tempas: Temporal archive search based on tags},
  author={Holzmann, Helge and Anand, Avishek},
  booktitle={Proceedings of the 25th International Conference Companion on World Wide Web},
  pages={207--210},
  year={2016}
}

@inproceedings{singh2016history,
  title={History by diversity: Helping historians search news archives},
  author={Singh, Jaspreet and Nejdl, Wolfgang and Anand, Avishek},
  booktitle={Proceedings of the 2016 ACM on Conference on Human Information Interaction and Retrieval},
  pages={183--192},
  year={2016}
}

@inproceedings{anand2016exploring,
  title={Exploring the past of the web: alexandria \& archive-it hackathon},
  author={Anand, Avishek and Bailey, Jefferson},
  booktitle={Proceedings of the 8th ACM Conference on Web Science},
  pages={14--14},
  year={2016}
}

@inproceedings{singh2015exploring,
  title={Exploring Long Running News Stories using Wikipedia},
  author={Singh, Jaspreet and Anand, Abhijit and Setty, Vinay and Anand, Avishek},
  booktitle={Proceedings of the ACM Web Science Conference},
  pages={1--2},
  year={2015}
}

@inproceedings{holzmann2016dawn,
  title={The Dawn of today's popular domains: A study of the archived German Web over 18 years},
  author={Holzmann, Helge and Nejdl, Wolfgang and Anand, Avishek},
  booktitle={2016 IEEE/ACM Joint Conference on Digital Libraries (JCDL)},
  pages={73--82},
  year={2016},
  organization={IEEE}
}

@inproceedings{holzmann2016archivespark,
  title={Archivespark: Efficient web archive access, extraction and derivation},
  author={Holzmann, Helge and Goel, Vinay and Anand, Avishek},
  booktitle={Proceedings of the 16th ACM/IEEE-CS on Joint Conference on Digital Libraries},
  pages={83--92},
  year={2016}
}

@inproceedings{fernando2016l3s,
  title={L3S at the NTCIR-12 Temporal Information Access (Temporalia-2) Task.},
  author={Fernando, Zeon Trevor and Singh, Jaspreet and Anand, Avishek},
  booktitle={NTCIR},
  year={2016}
}

@inproceedings{singh2016expedition,
  title={Expedition: a time-aware exploratory search system designed for scholars},
  author={Singh, Jaspreet and Nejdl, Wolfgang and Anand, Avishek},
  booktitle={Proceedings of the 39th International ACM SIGIR conference on Research and Development in Information Retrieval},
  pages={1105--1108},
  year={2016}
}

@inproceedings{holzmann2016applicability,
  title={On the applicability of delicious for temporal search on web archives},
  author={Holzmann, Helge and Nejdl, Wolfgang and Anand, Avishek},
  booktitle={Proceedings of the 39th International ACM SIGIR conference on Research and Development in Information Retrieval},
  pages={929--932},
  year={2016}
}

@inproceedings{fetahu2016finding,
  title={Finding news citations for wikipedia},
  author={Fetahu, Besnik and Markert, Katja and Nejdl, Wolfgang and Anand, Avishek},
  booktitle={Proceedings of the 25th ACM International on Conference on Information and Knowledge Management},
  pages={337--346},
  year={2016}
}

@inproceedings{singh2016discovering,
  title={Discovering entities with just a little help from you},
  author={Singh, Jaspreet and Hoffart, Johannes and Anand, Avishek},
  booktitle={Proceedings of the 25th ACM International on Conference on Information and Knowledge Management},
  pages={1331--1340},
  year={2016}
}

@inproceedings{setty2017modeling,
  title={Modeling event importance for ranking daily news events},
  author={Setty, Vinay and Anand, Abhijit and Mishra, Arunav and Anand, Avishek},
  booktitle={Proceedings of the Tenth ACM International Conference on Web Search and Data Mining},
  pages={231--240},
  year={2017}
}

@inproceedings{singh2017designing,
  title={Designing Search Tasks for Archive Search},
  author={Singh, Jaspreet and Anand, Avishek},
  booktitle={Proceedings of the 2017 Conference on Conference Human Information Interaction and Retrieval},
  pages={361--364},
  year={2017}
}

@inproceedings{kanhabua2016temporal,
  title={Temporal Information Retrieval},
  author={Kanhabua, Nattiya and Anand, Avishek},
  booktitle={Proceedings of the 39th International ACM SIGIR Conference on Research and Development in Information Retrieval},
  number={SIGIR '16},
  pages={1235--1238},
  year={2016},
  organization={ACM}
}

@inproceedings{holzmann2017exploring,
  title={Exploring web archives through temporal anchor texts},
  author={Holzmann, Helge and Nejdl, Wolfgang and Anand, Avishek},
  booktitle={Proceedings of the 2017 ACM on Web Science Conference},
  pages={289--298},
  year={2017}
}

@inproceedings{ernst2017bionex,
  title={Bionex: A system for biomedical news event exploration},
  author={Ernst, Patrick and Mishra, Arunav and Anand, Avishek and Setty, Vinay},
  booktitle={Proceedings of the 40th International ACM SIGIR Conference on Research and Development in Information Retrieval},
  pages={1277--1280},
  year={2017}
}

@article{fetahu2017fine,
  title={Fine grained citation span for references in wikipedia},
  author={Fetahu, Besnik and Markert, Katja and Anand, Avishek},
  journal={arXiv preprint arXiv:1707.07278},
  year={2017}
}

@inproceedings{seufert2013ferrari,
  title={Ferrari: Flexible and efficient reachability range assignment for graph indexing},
  author={Seufert, Stephan and Anand, Avishek and Bedathur, Srikanta and Weikum, Gerhard},
  booktitle={Data Engineering (ICDE), 2013 IEEE 29th International Conference on},
  pages={1009--1020},
  year={2013},
  organization={IEEE}
}

@inproceedings{leonhardt2018user,
  title={User Fairness in Recommender Systems},
  author={Leonhardt, Jurek and Anand, Avishek and Khosla, Megha},
  booktitle={Companion Proceedings of the The Web Conference 2018},
  pages={101--102},
  year={2018},
  organization={International World Wide Web Conferences Steering Committee}
}

@inproceedings{kiesel2018toward,
  title={Toward voice query clarification},
  author={Kiesel, Johannes and Bahrami, Arefeh and Stein, Benno and Anand, Avishek and Hagen, Matthias},
  booktitle={The 41st International ACM SIGIR Conference on Research \& Development in Information Retrieval},
  pages={1257--1260},
  year={2018}
}

@article{singh2018posthoc,
  title={Posthoc interpretability of learning to rank models using secondary training data},
  author={Singh, Jaspreet and Anand, Avishek},
  journal={arXiv preprint arXiv:1806.11330},
  year={2018}
}

@inproceedings{holzmann2018hak,
  title={What the HAK? Estimating Ranking Deviations in Incomplete Graphs},
  author={Holzmann, Helge and Anand, Avishek and Khosla, Megha},
  booktitle={14th International Workshop on Mining and Learning with Graphs (MLG)-Co-located with 24th ACM SIGKDD International Conference on Knowledge Discovery and Data Mining (KDD), London, UK},
  year={2018}
}

@inproceedings{anand2018effects,
  title={Effects of Algorithmic Decision-Making and Interpretability on Human Behavior: Experiments using Crowdsourcing.},
  author={Anand, Avishek and Bizer, Kilian and Erlei, Alexander and Gadiraju, Ujwal and Heinze, Christian and Meub, Lukas and Nejdl, Wolfgang and Steinroetter, Bjoern},
  booktitle={HCOMP (WIP\&Demo)},
  year={2018}
}

@inproceedings{singh2019exs,
  title={EXS: Explainable search using local model agnostic interpretability},
  author={Singh, Jaspreet and Anand, Avishek},
  booktitle={Proceedings of the Twelfth ACM International Conference on Web Search and Data Mining},
  pages={770--773},
  year={2019}
}

@inproceedings{khosla2019node,
  title={Node representation learning for directed graphs},
  author={Khosla, Megha and Leonhardt, Jurek and Nejdl, Wolfgang and Anand, Avishek},
  booktitle={Joint European Conference on Machine Learning and Knowledge Discovery in Databases},
  pages={395--411},
  year={2019},
  organization={Springer, Cham}
}

@article{anand2018asynchronous,
  title={Asynchronous Training of Word Embeddings for Large Text Corpora},
  author={Anand, Avishek and Khosla, Megha and Singh, Jaspreet and Zab, Jan-Hendrik and Zhang, Zijian},
  year={2018}
}

@inproceedings{holzmann2018delusive,
  title={Delusive pagerank in incomplete graphs},
  author={Holzmann, Helge and Anand, Avishek and Khosla, Megha},
  booktitle={International Conference on Complex Networks and their Applications},
  pages={104--117},
  year={2018},
  organization={Springer, Cham}
}

@inproceedings{kiesel2019clarifying,
  title={Clarifying False Memories in Voice-based Search},
  author={Kiesel, Johannes and Bahrami, Arefeh and Stein, Benno and Anand, Avishek and Hagen, Matthias},
  booktitle={Proceedings of the 2019 Conference on Human Information Interaction and Retrieval},
  pages={331--335},
  year={2019}
}

@inproceedings{fetahu2019tablenet,
  title={TableNet: An Approach for Determining Fine-grained Relations for Wikipedia Tables},
  author={Fetahu, Besnik and Anand, Avishek and Koutraki, Maria},
  booktitle={The World Wide Web Conference},
  pages={2736--2742},
  year={2019}
}

@inproceedings{otto2019understanding,
  title={Understanding, Categorizing and Predicting Semantic Image-Text Relations},
  author={Otto, Christian and Springstein, Matthias and Anand, Avishek and Ewerth, Ralph},
  booktitle={Proceedings of the 2019 on International Conference on Multimedia Retrieval},
  pages={168--176},
  year={2019}
}

@inproceedings{fernando2019study,
  title={A study on the Interpretability of Neural Retrieval Models using DeepSHAP},
  author={Fernando, Zeon Trevor and Singh, Jaspreet and Anand, Avishek},
  booktitle={Proceedings of the 42nd International ACM SIGIR Conference on Research and Development in Information Retrieval},
  pages={1005--1008},
  year={2019}
}

@article{zhang2019dissonance,
  title={Dissonance between human and machine understanding},
  author={Zhang, Zijian and Singh, Jaspreet and Gadiraju, Ujwal and Anand, Avishek},
  journal={Proceedings of the ACM on Human-Computer Interaction},
  volume={3},
  number={CSCW},
  pages={1--23},
  year={2019},
  publisher={ACM New York, NY, USA}
}

@article{idahl2019finding,
  title={Finding Interpretable Concept Spaces in Node Embeddings using Knowledge Bases},
  author={Idahl, Maximilian and Khosla, Megha and Anand, Avishek},
  journal={arXiv preprint arXiv:1910.05030},
  year={2019}
}

@article{holzmann2019estimating,
  title={Estimating PageRank deviations in crawled graphs},
  author={Holzmann, Helge and Anand, Avishek and Khosla, Megha},
  journal={Applied Network Science},
  volume={4},
  number={1},
  pages={1--22},
  year={2019},
  publisher={SpringerOpen}
}

@article{khosla2019comparative,
  title={A Comparative Study for Unsupervised Network Representation Learning},
  author={Khosla, Megha and Setty, Vinay and Anand, Avishek},
  journal={IEEE Transactions on Knowledge and Data Engineering},
  year={2019},
  publisher={IEEE}
}

@inproceedings{singh2020model,
  title={Model agnostic interpretability of rankers via intent modelling},
  author={Singh, Jaspreet and Anand, Avishek},
  booktitle={Proceedings of the 2020 Conference on Fairness, Accountability, and Transparency},
  pages={618--628},
  year={2020}
}

@article{otto2020characterization,
  title={Characterization and classification of semantic image-text relations},
  author={Otto, Christian and Springstein, Matthias and Anand, Avishek and Ewerth, Ralph},
  journal={International Journal of Multimedia Information Retrieval},
  pages={1--15},
  year={2020},
  publisher={Springer London}
}

@inproceedings{leonhardt2020boilerplate,
  title={Boilerplate Removal using a Neural Sequence Labeling Model},
  author={Leonhardt, Jurek and Anand, Avishek and Khosla, Megha},
  booktitle={Companion Proceedings of the Web Conference 2020},
  pages={226--229},
  year={2020}
}

@inproceedings{anand2020conversational,
  title={Conversational Search (Dagstuhl Seminar 19461)},
  author={Anand, Avishek and Cavedon, Lawrence and Joho, Hideo and Sanderson, Mark and Stein, Benno},
  booktitle={Dagstuhl Reports},
  volume={9},
  number={11},
  year={2020},
  organization={Schloss Dagstuhl-Leibniz-Zentrum f{\"u}r Informatik}
}

@article{roy2020question,
  title={Question Answering over Curated and Open Web Sources},
  author={Roy, Rishiraj Saha and Anand, Avishek},
  journal={arXiv preprint arXiv:2004.11980},
  year={2020}
}

@article{singh2020valid,
  title={Valid Explanations for Learning to Rank Models},
  author={Singh, Jaspreet and Khosla, Megha and Anand, Avishek},
  journal={arXiv preprint arXiv:2004.13972},
  year={2020}
}
