@inproceedings{DBLP:conf/www/HoffartMWAS16,
 author = {Johannes Hoffart and
Dragan Milchevski and
Gerhard Weikum and
Avishek Anand and
Jaspreet Singh},
 bibsource = {dblp computer science bibliography, https://dblp.org},
 biburl = {https://dblp.org/rec/conf/www/HoffartMWAS16.bib},
 booktitle = {Proceedings of the 25th International Conference on World Wide Web,
WWW 2016, Montreal, Canada, April 11-15, 2016, Companion Volume},
 doi = {10.1145/2872518.2890537},
 editor = {Jacqueline Bourdeau and
Jim Hendler and
Roger Nkambou and
Ian Horrocks and
Ben Y. Zhao},
 pages = {203--206},
 publisher = {ACM},
 timestamp = {Tue, 06 Nov 2018 00:00:00 +0100},
 title = {The Knowledge Awakens: Keeping Knowledge Bases Fresh with Emerging
Entities},
 url = {https://doi.org/10.1145/2872518.2890537},
 year = {2016}
}

