@inproceedings{DBLP:conf/hcomp/AnandBEGHMNS18,
 author = {Avishek Anand and
Kilian Bizer and
Alexander Erlei and
Ujwal Gadiraju and
Christian Heinze and
Lukas Meub and
Wolfgang Nejdl and
Bjoern Steinroetter},
 bibsource = {dblp computer science bibliography, https://dblp.org},
 biburl = {https://dblp.org/rec/conf/hcomp/AnandBEGHMNS18.bib},
 booktitle = {Proceedings of the HCOMP 2018 Works in Progress and Demonstration
Papers Track of the sixth AAAI Conference on Human Computation and
Crowdsourcing (HCOMP 2018), Zurich, Switzerland, July 5-8, 2018},
 editor = {Alessandro Bozzon and
Matteo Venanzi},
 publisher = {CEUR-WS.org},
 series = {CEUR Workshop Proceedings},
 timestamp = {Wed, 12 Feb 2020 16:45:15 +0100},
 title = {Effects of Algorithmic Decision-Making and Interpretability on Human
Behavior: Experiments using Crowdsourcing},
 url = {http://ceur-ws.org/Vol-2173/paper5.pdf},
 volume = {2173},
 year = {2018}
}

