@inproceedings{seufert2013ferrari,
 author = {Seufert, Stephan and Anand, Avishek and Bedathur, Srikanta and Weikum, Gerhard},
 booktitle = {Data Engineering (ICDE), 2013 IEEE 29th International Conference on},
 organization = {IEEE},
 pages = {1009--1020},
 title = {Ferrari: Flexible and efficient reachability range assignment for graph indexing},
 year = {2013}
}

