@inproceedings{holzmann2016tempas,
 author = {Holzmann, Helge and Anand, Avishek},
 booktitle = {Proceedings of the 25th International Conference Companion on World Wide Web},
 pages = {207--210},
 title = {Tempas: Temporal archive search based on tags},
 year = {2016}
}

