@inproceedings{DBLP:conf/mir/OttoSAE19,
 author = {Christian Otto and
Matthias Springstein and
Avishek Anand and
Ralph Ewerth},
 bibsource = {dblp computer science bibliography, https://dblp.org},
 biburl = {https://dblp.org/rec/conf/mir/OttoSAE19.bib},
 booktitle = {Proceedings of the 2019 on International Conference on Multimedia
Retrieval, ICMR 2019, Ottawa, ON, Canada, June 10-13, 2019},
 doi = {10.1145/3323873.3325049},
 editor = {Abdulmotaleb El-Saddik and
Alberto Del Bimbo and
Zhongfei Zhang and
Alexander G. Hauptmann and
K. Sel√ßuk Candan and
Marco Bertini and
Lexing Xie and
Xiao-Yong Wei},
 pages = {168--176},
 publisher = {ACM},
 timestamp = {Wed, 25 Sep 2019 01:00:00 +0200},
 title = {Understanding, Categorizing and Predicting Semantic Image-Text Relations},
 url = {https://doi.org/10.1145/3323873.3325049},
 year = {2019}
}

