@inproceedings{holzmann2016archivespark,
 author = {Holzmann, Helge and Goel, Vinay and Anand, Avishek},
 booktitle = {Proceedings of the 16th ACM/IEEE-CS on Joint Conference on Digital Libraries},
 pages = {83--92},
 title = {Archivespark: Efficient web archive access, extraction and derivation},
 year = {2016}
}

