@inproceedings{DBLP:conf/wsdm/SettyAMA17,
 author = {Vinay Setty and
Abhijit Anand and
Arunav Mishra and
Avishek Anand},
 bibsource = {dblp computer science bibliography, https://dblp.org},
 biburl = {https://dblp.org/rec/conf/wsdm/SettyAMA17.bib},
 booktitle = {Proceedings of the Tenth ACM International Conference on Web Search
and Data Mining, WSDM 2017, Cambridge, United Kingdom, February
6-10, 2017},
 doi = {10.1145/3018661.3018728},
 editor = {Maarten de Rijke and
Milad Shokouhi and
Andrew Tomkins and
Min Zhang},
 pages = {231--240},
 publisher = {ACM},
 timestamp = {Sat, 19 Oct 2019 01:00:00 +0200},
 title = {Modeling Event Importance for Ranking Daily News Events},
 url = {https://doi.org/10.1145/3018661.3018728},
 year = {2017}
}

