@article{DBLP:journals/corr/FetahuMA17aa,
 archiveprefix = {arXiv},
 author = {Besnik Fetahu and
Katja Markert and
Avishek Anand},
 bibsource = {dblp computer science bibliography, https://dblp.org},
 biburl = {https://dblp.org/rec/journals/corr/FetahuMA17aa.bib},
 eprint = {1707.07278},
 journal = {CoRR},
 timestamp = {Mon, 13 Aug 2018 01:00:00 +0200},
 title = {Fine Grained Citation Span for References in Wikipedia},
 url = {http://arxiv.org/abs/1707.07278},
 volume = {abs/1707.07278},
 year = {2017}
}

