@article{idahl:21:utility:benchmarking,
 archiveprefix = {arXiv},
 author = {Maximilian Idahl and
Lijun Lyu and
Ujwal Gadiraju and
Avishek Anand},
 bibsource = {dblp computer science bibliography, https://dblp.org},
 biburl = {https://dblp.org/rec/journals/corr/abs-2105-04505.bib},
 eprint = {2105.04505},
 journal = {CoRR},
 timestamp = {Fri, 14 May 2021 01:00:00 +0200},
 title = {Towards Benchmarking the Utility of Explanations for Model Debugging},
 url = {https://arxiv.org/abs/2105.04505},
 volume = {abs/2105.04505},
 year = {2021}
}

