@inproceedings{DBLP:conf/chiir/KieselBSAH19,
 author = {Johannes Kiesel and
Arefeh Bahrami and
Benno Stein and
Avishek Anand and
Matthias Hagen},
 bibsource = {dblp computer science bibliography, https://dblp.org},
 biburl = {https://dblp.org/rec/conf/chiir/KieselBSAH19.bib},
 booktitle = {Proceedings of the 2019 Conference on Human Information Interaction
and Retrieval, CHIIR 2019, Glasgow, Scotland, UK, March 10-14, 2019},
 doi = {10.1145/3295750.3298961},
 editor = {Leif Azzopardi and
Martin Halvey and
Ian Ruthven and
Hideo Joho and
Vanessa Murdock and
Pernilla Qvarfordt},
 pages = {331--335},
 publisher = {ACM},
 timestamp = {Wed, 30 Oct 2019 00:00:00 +0100},
 title = {Clarifying False Memories in Voice-based Search},
 url = {https://doi.org/10.1145/3295750.3298961},
 year = {2019}
}

