@inproceedings{anand2014phrase,
 author = {Anand, Avishek and Mele, Ida and Bedathur, Srikanta and Berberich, Klaus},
 booktitle = {Proceedings of the 23rd ACM International Conference on Conference on Information and Knowledge Management},
 pages = {1807--1810},
 title = {Phrase query optimization on inverted indexes},
 year = {2014}
}

