@article{DBLP:journals/corr/abs-1810-10253,
 archiveprefix = {arXiv},
 author = {Jaspreet Singh and
Avishek Anand},
 bibsource = {dblp computer science bibliography, https://dblp.org},
 biburl = {https://dblp.org/rec/journals/corr/abs-1810-10253.bib},
 eprint = {1810.10253},
 journal = {CoRR},
 timestamp = {Wed, 31 Oct 2018 00:00:00 +0100},
 title = {Designing Search Tasks for Archive Search},
 url = {http://arxiv.org/abs/1810.10253},
 volume = {abs/1810.10253},
 year = {2018}
}

