@article{DBLP:journals/corr/abs-1806-11330,
 archiveprefix = {arXiv},
 author = {Jaspreet Singh and
Avishek Anand},
 bibsource = {dblp computer science bibliography, https://dblp.org},
 biburl = {https://dblp.org/rec/journals/corr/abs-1806-11330.bib},
 eprint = {1806.11330},
 journal = {CoRR},
 timestamp = {Mon, 13 Aug 2018 01:00:00 +0200},
 title = {Posthoc Interpretability of Learning to Rank Models using Secondary
Training Data},
 url = {http://arxiv.org/abs/1806.11330},
 volume = {abs/1806.11330},
 year = {2018}
}

