@article{singh2018posthoc,
 author = {Singh, Jaspreet and Anand, Avishek},
 journal = {arXiv preprint arXiv:1806.11330},
 title = {Posthoc interpretability of learning to rank models using secondary training data},
 year = {2018}
}

