@inproceedings{singh2016discovering,
 author = {Singh, Jaspreet and Hoffart, Johannes and Anand, Avishek},
 booktitle = {Proceedings of the 25th ACM International on Conference on Information and Knowledge Management},
 pages = {1331--1340},
 title = {Discovering entities with just a little help from you},
 year = {2016}
}

