@article{DBLP:journals/corr/HolzmannA17,
 archiveprefix = {arXiv},
 author = {Helge Holzmann and
Avishek Anand},
 bibsource = {dblp computer science bibliography, https://dblp.org},
 biburl = {https://dblp.org/rec/journals/corr/HolzmannA17.bib},
 eprint = {1702.01076},
 journal = {CoRR},
 timestamp = {Mon, 13 Aug 2018 01:00:00 +0200},
 title = {Tempas: Temporal Archive Search Based on Tags},
 url = {http://arxiv.org/abs/1702.01076},
 volume = {abs/1702.01076},
 year = {2017}
}

