@article{DBLP:journals/corr/HolzmannGA17,
 archiveprefix = {arXiv},
 author = {Helge Holzmann and
Vinay Goel and
Avishek Anand},
 bibsource = {dblp computer science bibliography, https://dblp.org},
 biburl = {https://dblp.org/rec/journals/corr/HolzmannGA17.bib},
 eprint = {1702.01015},
 journal = {CoRR},
 timestamp = {Mon, 13 Aug 2018 01:00:00 +0200},
 title = {ArchiveSpark: Efficient Web Archive Access, Extraction and Derivation},
 url = {http://arxiv.org/abs/1702.01015},
 volume = {abs/1702.01015},
 year = {2017}
}

