@inproceedings{DBLP:conf/jcdl/HolzmannGA16,
 author = {Helge Holzmann and
Vinay Goel and
Avishek Anand},
 bibsource = {dblp computer science bibliography, https://dblp.org},
 biburl = {https://dblp.org/rec/conf/jcdl/HolzmannGA16.bib},
 booktitle = {Proceedings of the 16th ACM/IEEE-CS on Joint Conference on Digital
Libraries, JCDL 2016, Newark, NJ, USA, June 19 - 23, 2016},
 doi = {10.1145/2910896.2910902},
 editor = {Nabil R. Adam and
Lillian (Boots) Cassel and
Yelena Yesha and
Richard Furuta and
Michele C. Weigle},
 pages = {83--92},
 publisher = {ACM},
 timestamp = {Tue, 06 Nov 2018 00:00:00 +0100},
 title = {ArchiveSpark: Efficient Web Archive Access, Extraction and Derivation},
 url = {https://doi.org/10.1145/2910896.2910902},
 year = {2016}
}

