@inproceedings{fernando2016l3s,
 author = {Fernando, Zeon Trevor and Singh, Jaspreet and Anand, Avishek},
 booktitle = {NTCIR},
 title = {L3S at the NTCIR-12 Temporal Information Access (Temporalia-2) Task.},
 year = {2016}
}

