@inproceedings{DBLP:conf/wsdm/AnandKSZZ19,
 author = {Avishek Anand and
Megha Khosla and
Jaspreet Singh and
Jan-Hendrik Zab and
Zijian Zhang},
 bibsource = {dblp computer science bibliography, https://dblp.org},
 biburl = {https://dblp.org/rec/conf/wsdm/AnandKSZZ19.bib},
 booktitle = {Proceedings of the Twelfth ACM International Conference on Web Search
and Data Mining, WSDM 2019, Melbourne, VIC, Australia, February
11-15, 2019},
 doi = {10.1145/3289600.3291011},
 editor = {J. Shane Culpepper and
Alistair Moffat and
Paul N. Bennett and
Kristina Lerman},
 pages = {168--176},
 publisher = {ACM},
 timestamp = {Sat, 30 May 2020 20:02:29 +0200},
 title = {Asynchronous Training of Word Embeddings for Large Text Corpora},
 url = {https://doi.org/10.1145/3289600.3291011},
 year = {2019}
}

