@article{rathee21:kedge,
 author = {Mandeep Rathee and Zijian Zhang and Thorben Funke and Megha Khosla and Avishek Anand},
 journal = {arXiv preprint arXiv:2106.12920},
 title = {Learnt Sparsification for Interpretable Graph Neural Networks},
 url = {https://arxiv.org/abs/2106.12920},
 year = {2021}
}

