@inproceedings{kiesel2019clarifying,
 author = {Kiesel, Johannes and Bahrami, Arefeh and Stein, Benno and Anand, Avishek and Hagen, Matthias},
 booktitle = {Proceedings of the 2019 Conference on Human Information Interaction and Retrieval},
 pages = {331--335},
 title = {Clarifying False Memories in Voice-based Search},
 year = {2019}
}

