@article{DBLP:journals/corr/abs-1810-10251,
 archiveprefix = {arXiv},
 author = {Jaspreet Singh and
Wolfgang Nejdl and
Avishek Anand},
 bibsource = {dblp computer science bibliography, https://dblp.org},
 biburl = {https://dblp.org/rec/journals/corr/abs-1810-10251.bib},
 eprint = {1810.10251},
 journal = {CoRR},
 timestamp = {Wed, 31 Oct 2018 00:00:00 +0100},
 title = {History by Diversity: Helping Historians search News Archives},
 url = {http://arxiv.org/abs/1810.10251},
 volume = {abs/1810.10251},
 year = {2018}
}

