@inproceedings{fetahu2019tablenet,
 author = {Fetahu, Besnik and Anand, Avishek and Koutraki, Maria},
 booktitle = {The World Wide Web Conference},
 pages = {2736--2742},
 title = {TableNet: An Approach for Determining Fine-grained Relations for Wikipedia Tables},
 year = {2019}
}

