@inproceedings{DBLP:conf/chiir/SinghNA16,
 author = {Jaspreet Singh and
Wolfgang Nejdl and
Avishek Anand},
 bibsource = {dblp computer science bibliography, https://dblp.org},
 biburl = {https://dblp.org/rec/conf/chiir/SinghNA16.bib},
 booktitle = {Proceedings of the 2016 ACM Conference on Human Information Interaction
and Retrieval, CHIIR 2016, Carrboro, North Carolina, USA, March
13-17, 2016},
 doi = {10.1145/2854946.2854959},
 editor = {Diane Kelly and
Robert Capra and
Nicholas J. Belkin and
Jaime Teevan and
Pertti Vakkari},
 pages = {183--192},
 publisher = {ACM},
 timestamp = {Tue, 06 Nov 2018 16:57:30 +0100},
 title = {History by Diversity: Helping Historians search News Archives},
 url = {https://doi.org/10.1145/2854946.2854959},
 year = {2016}
}

