@inproceedings{DBLP:conf/sigir/AnandBBS12,
 author = {Avishek Anand and
Srikanta J. Bedathur and
Klaus Berberich and
Ralf Schenkel},
 bibsource = {dblp computer science bibliography, https://dblp.org},
 biburl = {https://dblp.org/rec/conf/sigir/AnandBBS12.bib},
 booktitle = {The 35th International ACM SIGIR conference on research and development
in Information Retrieval, SIGIR '12, Portland, OR, USA, August 12-16,
2012},
 doi = {10.1145/2348283.2348318},
 editor = {William R. Hersh and
Jamie Callan and
Yoelle Maarek and
Mark Sanderson},
 pages = {235--244},
 publisher = {ACM},
 timestamp = {Mon, 29 Jul 2019 01:00:00 +0200},
 title = {Index maintenance for time-travel text search},
 url = {https://doi.org/10.1145/2348283.2348318},
 year = {2012}
}

