@article{DBLP:journals/dagstuhl-reports/AnandCJSS19,
 author = {Avishek Anand and
Lawrence Cavedon and
Hideo Joho and
Mark Sanderson and
Benno Stein},
 bibsource = {dblp computer science bibliography, https://dblp.org},
 biburl = {https://dblp.org/rec/journals/dagstuhl-reports/AnandCJSS19.bib},
 doi = {10.4230/DagRep.9.11.34},
 journal = {Dagstuhl Reports},
 number = {11},
 pages = {34--83},
 timestamp = {Tue, 14 Apr 2020 01:00:00 +0200},
 title = {Conversational Search (Dagstuhl Seminar 19461)},
 url = {https://doi.org/10.4230/DagRep.9.11.34},
 volume = {9},
 year = {2019}
}

