@article{DBLP:journals/corr/abs-1810-10769,
 archiveprefix = {arXiv},
 author = {Jaspreet Singh and
Wolfgang Nejdl and
Avishek Anand},
 bibsource = {dblp computer science bibliography, https://dblp.org},
 biburl = {https://dblp.org/rec/journals/corr/abs-1810-10769.bib},
 eprint = {1810.10769},
 journal = {CoRR},
 timestamp = {Wed, 31 Oct 2018 00:00:00 +0100},
 title = {Expedition: A Time-Aware Exploratory Search System Designed for
Scholars},
 url = {http://arxiv.org/abs/1810.10769},
 volume = {abs/1810.10769},
 year = {2018}
}

