@inproceedings{holzmann2018delusive,
 author = {Holzmann, Helge and Anand, Avishek and Khosla, Megha},
 booktitle = {International Conference on Complex Networks and their Applications},
 organization = {Springer, Cham},
 pages = {104--117},
 title = {Delusive pagerank in incomplete graphs},
 year = {2018}
}

