@article{DBLP:journals/corr/abs-1807-06349,
 archiveprefix = {arXiv},
 author = {Jurek Leonhardt and
Avishek Anand and
Megha Khosla},
 bibsource = {dblp computer science bibliography, https://dblp.org},
 biburl = {https://dblp.org/rec/journals/corr/abs-1807-06349.bib},
 eprint = {1807.06349},
 journal = {CoRR},
 timestamp = {Mon, 13 Aug 2018 01:00:00 +0200},
 title = {User Fairness in Recommender Systems},
 url = {http://arxiv.org/abs/1807.06349},
 volume = {abs/1807.06349},
 year = {2018}
}

