@inproceedings{singh2015exploring,
 author = {Singh, Jaspreet and Anand, Abhijit and Setty, Vinay and Anand, Avishek},
 booktitle = {Proceedings of the ACM Web Science Conference},
 pages = {1--2},
 title = {Exploring Long Running News Stories using Wikipedia},
 year = {2015}
}

