@inproceedings{khosla2019node,
 author = {Khosla, Megha and Leonhardt, Jurek and Nejdl, Wolfgang and Anand, Avishek},
 booktitle = {Joint European Conference on Machine Learning and Knowledge Discovery in Databases},
 organization = {Springer, Cham},
 pages = {395--411},
 title = {Node representation learning for directed graphs},
 year = {2019}
}

