@article{otto2020characterization,
 author = {Otto, Christian and Springstein, Matthias and Anand, Avishek and Ewerth, Ralph},
 journal = {International Journal of Multimedia Information Retrieval},
 pages = {1--15},
 publisher = {Springer London},
 title = {Characterization and classification of semantic image-text relations},
 year = {2020}
}

