@article{DBLP:journals/pacmhci/ZhangSGA19,
 author = {Zijian Zhang and
Jaspreet Singh and
Ujwal Gadiraju and
Avishek Anand},
 bibsource = {dblp computer science bibliography, https://dblp.org},
 biburl = {https://dblp.org/rec/journals/pacmhci/ZhangSGA19.bib},
 doi = {10.1145/3359158},
 journal = {PACMHCI},
 number = {CSCW},
 pages = {56:1--56:23},
 timestamp = {Tue, 12 Nov 2019 00:00:00 +0100},
 title = {Dissonance Between Human and Machine Understanding},
 url = {https://doi.org/10.1145/3359158},
 volume = {3},
 year = {2019}
}

