@article{DBLP:journals/corr/abs-1906-08595,
 archiveprefix = {arXiv},
 author = {Christian Otto and
Matthias Springstein and
Avishek Anand and
Ralph Ewerth},
 bibsource = {dblp computer science bibliography, https://dblp.org},
 biburl = {https://dblp.org/rec/journals/corr/abs-1906-08595.bib},
 eprint = {1906.08595},
 journal = {CoRR},
 timestamp = {Mon, 24 Jun 2019 01:00:00 +0200},
 title = {Understanding, Categorizing and Predicting Semantic Image-Text Relations},
 url = {http://arxiv.org/abs/1906.08595},
 volume = {abs/1906.08595},
 year = {2019}
}

