@inproceedings{DBLP:conf/sigir/ErnstMAS17,
 author = {Patrick Ernst and
Arunav Mishra and
Avishek Anand and
Vinay Setty},
 bibsource = {dblp computer science bibliography, https://dblp.org},
 biburl = {https://dblp.org/rec/conf/sigir/ErnstMAS17.bib},
 booktitle = {Proceedings of the 40th International ACM SIGIR Conference on
Research and Development in Information Retrieval, Shinjuku, Tokyo,
Japan, August 7-11, 2017},
 doi = {10.1145/3077136.3084150},
 editor = {Noriko Kando and
Tetsuya Sakai and
Hideo Joho and
Hang Li and
Arjen P. de Vries and
Ryen W. White},
 pages = {1277--1280},
 publisher = {ACM},
 timestamp = {Sat, 19 Oct 2019 01:00:00 +0200},
 title = {BioNex: A System For Biomedical News Event Exploration},
 url = {https://doi.org/10.1145/3077136.3084150},
 year = {2017}
}

