@inproceedings{wallat20:bertnesia,
 author = {Jaspreet Singh and
Jonas Wallat and
Avishek Anand},
 bibsource = {dblp computer science bibliography, https://dblp.org},
 biburl = {https://dblp.org/rec/conf/blackboxnlp/SinghWA20.bib},
 booktitle = {Proceedings of the Third BlackboxNLP Workshop on Analyzing and Interpreting
Neural Networks for NLP, BlackboxNLP at EMNLP 2020, Online, November
2020},
 doi = {10.18653/v1/2020.blackboxnlp-1.17},
 editor = {Afra Alishahi and
Yonatan Belinkov and
Grzegorz Chrupala and
Dieuwke Hupkes and
Yuval Pinter and
Hassan Sajjad},
 pages = {174--183},
 publisher = {Association for Computational Linguistics},
 timestamp = {Tue, 22 Jun 2021 17:49:41 +0200},
 title = {BERTnesia: Investigating the capture and forgetting of knowledge in
BERT},
 url = {https://doi.org/10.18653/v1/2020.blackboxnlp-1.17},
 year = {2020}
}

