@inproceedings{DBLP:conf/websci/HolzmannNA17,
 author = {Helge Holzmann and
Wolfgang Nejdl and
Avishek Anand},
 bibsource = {dblp computer science bibliography, https://dblp.org},
 biburl = {https://dblp.org/rec/conf/websci/HolzmannNA17.bib},
 booktitle = {Proceedings of the 2017 ACM on Web Science Conference, WebSci 2017,
Troy, NY, USA, June 25 - 28, 2017},
 doi = {10.1145/3091478.3091500},
 editor = {Peter Fox and
Deborah L. McGuinness and
Lindsay Poirier and
Paolo Boldi and
Katharina Kinder-Kurlanda},
 pages = {289--298},
 publisher = {ACM},
 timestamp = {Thu, 08 Nov 2018 08:13:55 +0100},
 title = {Exploring Web Archives Through Temporal Anchor Texts},
 url = {https://doi.org/10.1145/3091478.3091500},
 year = {2017}
}

