@article{DBLP:journals/corr/abs-1810-10252,
 archiveprefix = {arXiv},
 author = {Jaspreet Singh and
Johannes Hoffart and
Avishek Anand},
 bibsource = {dblp computer science bibliography, https://dblp.org},
 biburl = {https://dblp.org/rec/journals/corr/abs-1810-10252.bib},
 eprint = {1810.10252},
 journal = {CoRR},
 timestamp = {Wed, 31 Oct 2018 00:00:00 +0100},
 title = {Discovering Entities with Just a Little Help from You},
 url = {http://arxiv.org/abs/1810.10252},
 volume = {abs/1810.10252},
 year = {2018}
}

