@inproceedings{DBLP:conf/edbt/MilchevskiAM15,
 author = {Evica Milchevski and
Avishek Anand and
Sebastian Michel},
 bibsource = {dblp computer science bibliography, https://dblp.org},
 biburl = {https://dblp.org/rec/conf/edbt/MilchevskiAM15.bib},
 booktitle = {Proceedings of the 18th International Conference on Extending Database
Technology, EDBT 2015, Brussels, Belgium, March 23-27, 2015},
 doi = {10.5441/002/edbt.2015.23},
 editor = {Gustavo Alonso and
Floris Geerts and
Lucian Popa and
Pablo Barceló and
Jens Teubner and
Martín Ugarte and
Jan Van den Bussche and
Jan Paredaens},
 pages = {253--264},
 publisher = {OpenProceedings.org},
 timestamp = {Mon, 16 Jul 2018 01:00:00 +0200},
 title = {The Sweet Spot between Inverted Indices and Metric-Space Indexing
for Top-K-List Similarity Search},
 url = {https://doi.org/10.5441/002/edbt.2015.23},
 year = {2015}
}

