@article{DBLP:journals/corr/abs-1809-03857,
 archiveprefix = {arXiv},
 author = {Jaspreet Singh and
Avishek Anand},
 bibsource = {dblp computer science bibliography, https://dblp.org},
 biburl = {https://dblp.org/rec/journals/corr/abs-1809-03857.bib},
 eprint = {1809.03857},
 journal = {CoRR},
 timestamp = {Fri, 05 Oct 2018 01:00:00 +0200},
 title = {EXS: Explainable Search Using Local Model Agnostic Interpretability},
 url = {http://arxiv.org/abs/1809.03857},
 volume = {abs/1809.03857},
 year = {2018}
}

