@inproceedings{anand2018effects,
 author = {Anand, Avishek and Bizer, Kilian and Erlei, Alexander and Gadiraju, Ujwal and Heinze, Christian and Meub, Lukas and Nejdl, Wolfgang and Steinroetter, Bjoern},
 booktitle = {HCOMP (WIP&Demo)},
 title = {Effects of Algorithmic Decision-Making and Interpretability on Human Behavior: Experiments using Crowdsourcing.},
 year = {2018}
}

