@inproceedings{DBLP:conf/emnlp/FetahuMA17,
 author = {Besnik Fetahu and
Katja Markert and
Avishek Anand},
 bibsource = {dblp computer science bibliography, https://dblp.org},
 biburl = {https://dblp.org/rec/conf/emnlp/FetahuMA17.bib},
 booktitle = {Proceedings of the 2017 Conference on Empirical Methods in Natural
Language Processing, EMNLP 2017, Copenhagen, Denmark, September
9-11, 2017},
 doi = {10.18653/v1/d17-1212},
 editor = {Martha Palmer and
Rebecca Hwa and
Sebastian Riedel},
 pages = {1990--1999},
 publisher = {Association for Computational Linguistics},
 timestamp = {Sat, 30 May 2020 01:00:00 +0200},
 title = {Fine Grained Citation Span for References in Wikipedia},
 url = {https://doi.org/10.18653/v1/d17-1212},
 year = {2017}
}

