@inproceedings{otto2019understanding,
 author = {Otto, Christian and Springstein, Matthias and Anand, Avishek and Ewerth, Ralph},
 booktitle = {Proceedings of the 2019 on International Conference on Multimedia Retrieval},
 pages = {168--176},
 title = {Understanding, Categorizing and Predicting Semantic Image-Text Relations},
 url = {https://arxiv.org/pdf/1906.08595.pdf},
 year = {2019}
}

