@inproceedings{DBLP:conf/websci/SinghASA15,
 author = {Jaspreet Singh and
Abhijit Anand and
Vinay Setty and
Avishek Anand},
 bibsource = {dblp computer science bibliography, https://dblp.org},
 biburl = {https://dblp.org/rec/conf/websci/SinghASA15.bib},
 booktitle = {Proceedings of the ACM Web Science Conference, WebSci 2015, Oxford,
United Kingdom, June 28 - July 1, 2015},
 doi = {10.1145/2786451.2786489},
 editor = {David De Roure and
Pete Burnap and
Susan Halford},
 pages = {57:1--57:2},
 publisher = {ACM},
 timestamp = {Sat, 30 May 2020 01:00:00 +0200},
 title = {Exploring Long Running News Stories using Wikipedia},
 url = {https://doi.org/10.1145/2786451.2786489},
 year = {2015}
}

