@inproceedings{holzmann2016applicability,
 author = {Holzmann, Helge and Nejdl, Wolfgang and Anand, Avishek},
 booktitle = {Proceedings of the 39th International ACM SIGIR conference on Research and Development in Information Retrieval},
 pages = {929--932},
 title = {On the applicability of delicious for temporal search on web archives},
 year = {2016}
}

