@inproceedings{DBLP:conf/cikm/AnandMBB14,
 author = {Avishek Anand and
Ida Mele and
Srikanta J. Bedathur and
Klaus Berberich},
 bibsource = {dblp computer science bibliography, https://dblp.org},
 biburl = {https://dblp.org/rec/conf/cikm/AnandMBB14.bib},
 booktitle = {Proceedings of the 23rd ACM International Conference on Conference
on Information and Knowledge Management, CIKM 2014, Shanghai, China,
November 3-7, 2014},
 doi = {10.1145/2661829.2661928},
 editor = {Jianzhong Li and
Xiaoyang Sean Wang and
Minos N. Garofalakis and
Ian Soboroff and
Torsten Suel and
Min Wang},
 pages = {1807--1810},
 publisher = {ACM},
 timestamp = {Tue, 06 Nov 2018 00:00:00 +0100},
 title = {Phrase Query Optimization on Inverted Indexes},
 url = {https://doi.org/10.1145/2661829.2661928},
 year = {2014}
}

