@article{khosla21:auction:matching,
 archiveprefix = {arXiv},
 author = {Megha Khosla and
Avishek Anand},
 bibsource = {dblp computer science bibliography, https://dblp.org},
 biburl = {https://dblp.org/rec/journals/corr/abs-2101-07155.bib},
 eprint = {2101.07155},
 journal = {CoRR},
 timestamp = {Fri, 22 Jan 2021 00:00:00 +0100},
 title = {Revisiting the Auction Algorithm for Weighted Bipartite Perfect Matchings},
 url = {https://arxiv.org/abs/2101.07155},
 volume = {abs/2101.07155},
 year = {2021}
}

