@article{roy2020question:ictir,
 author = {Roy, Rishiraj Saha and Anand, Avishek},
 journal = {ACM SIGIR International Conference on the Theory of Information Retrieval (ICTIR)},
 title = {Question Answering over Curated and Open Web Sources},
 url = {https://arxiv.org/abs/2004.11980},
 year = {2020}
}

