@inproceedings{DBLP:conf/pkdd/IdahlKA19,
 author = {Maximilian Idahl and
Megha Khosla and
Avishek Anand},
 bibsource = {dblp computer science bibliography, https://dblp.org},
 biburl = {https://dblp.org/rec/conf/pkdd/IdahlKA19.bib},
 booktitle = {Machine Learning and Knowledge Discovery in Databases - International
Workshops of ECML PKDD 2019, WÃ¼rzburg, Germany, September
16-20, 2019, Proceedings, Part I},
 doi = {10.1007/978-3-030-43823-4_20},
 editor = {Peggy Cellier and
Kurt Driessens},
 pages = {229--240},
 publisher = {Springer},
 series = {Communications in Computer and Information Science},
 timestamp = {Tue, 31 Mar 2020 12:08:19 +0200},
 title = {Finding Interpretable Concept Spaces in Node Embeddings Using Knowledge
Bases},
 url = {https://doi.org/10.1007/978-3-030-43823-4_20},
 volume = {1167},
 year = {2019}
}

