@inproceedings{rudra20:cikm:distantsup,
 author = {Koustav Rudra and
Avishek Anand},
 bibsource = {dblp computer science bibliography, https://dblp.org},
 biburl = {https://dblp.org/rec/conf/cikm/RudraA20.bib},
 booktitle = {CIKM '20: The 29th ACM International Conference on Information
and Knowledge Management, Virtual Event, Ireland, October 19-23, 2020},
 doi = {10.1145/3340531.3412124},
 editor = {Mathieu d'Aquin and
Stefan Dietze and
Claudia Hauff and
Edward Curry and
Philippe Cudr√©-Mauroux},
 pages = {2197--2200},
 publisher = {ACM},
 timestamp = {Fri, 25 Dec 2020 01:15:14 +0100},
 title = {Distant Supervision in BERT-based Adhoc Document Retrieval},
 url = {https://doi.org/10.1145/3340531.3412124},
 year = {2020}
}

