@article{milchevski2015sweet,
 author = {Milchevski, Evica and Anand, Avishek and Michel, Sebastian},
 title = {The Sweet Spot between Inverted Indices and Metric-Space Indexing for Top-K--List Similarity Searchâ‡¤},
 year = {2015}
}

