@inproceedings{DBLP:conf/www/FetahuAK19,
 author = {Besnik Fetahu and
Avishek Anand and
Maria Koutraki},
 bibsource = {dblp computer science bibliography, https://dblp.org},
 biburl = {https://dblp.org/rec/conf/www/FetahuAK19.bib},
 booktitle = {The World Wide Web Conference, WWW 2019, San Francisco, CA, USA,
May 13-17, 2019},
 doi = {10.1145/3308558.3313629},
 editor = {Ling Liu and
Ryen W. White and
Amin Mantrach and
Fabrizio Silvestri and
Julian J. McAuley and
Ricardo Baeza-Yates and
Leila Zia},
 pages = {2736--2742},
 publisher = {ACM},
 timestamp = {Sat, 30 May 2020 01:00:00 +0200},
 title = {TableNet: An Approach for Determining Fine-grained Relations for Wikipedia
Tables},
 url = {https://doi.org/10.1145/3308558.3313629},
 year = {2019}
}

