@inproceedings{singh2019exs,
 author = {Singh, Jaspreet and Anand, Avishek},
 booktitle = {Proceedings of the Twelfth ACM International Conference on Web Search and Data Mining},
 pages = {770--773},
 title = {EXS: Explainable search using local model agnostic interpretability},
 year = {2019}
}

