@inproceedings{fetahu2015much,
 author = {Fetahu, Besnik and Anand, Abhijit and Anand, Avishek},
 booktitle = {Proceedings of the ACM Web Science Conference},
 pages = {1--9},
 title = {How much is Wikipedia lagging behind news?},
 year = {2015}
}

