@inproceedings{DBLP:conf/jcdl/AnandBBST09,
 author = {Avishek Anand and
Srikanta J. Bedathur and
Klaus Berberich and
Ralf Schenkel and
Christos Tryfonopoulos},
 bibsource = {dblp computer science bibliography, https://dblp.org},
 biburl = {https://dblp.org/rec/conf/jcdl/AnandBBST09.bib},
 booktitle = {Proceedings of the 2009 Joint International Conference on Digital
Libraries, JCDL 2009, Austin, TX, USA, June 15-19, 2009},
 doi = {10.1145/1555400.1555455},
 editor = {Fred Heath and
Mary Lynn Rice-Lively and
Richard Furuta},
 pages = {331--340},
 publisher = {ACM},
 timestamp = {Mon, 29 Jul 2019 01:00:00 +0200},
 title = {EverLast: a distributed architecture for preserving the web},
 url = {https://doi.org/10.1145/1555400.1555455},
 year = {2009}
}

