@inproceedings{DBLP:conf/icde/SeufertABW13,
 author = {Stephan Seufert and
Avishek Anand and
Srikanta J. Bedathur and
Gerhard Weikum},
 bibsource = {dblp computer science bibliography, https://dblp.org},
 biburl = {https://dblp.org/rec/conf/icde/SeufertABW13.bib},
 booktitle = {29th IEEE International Conference on Data Engineering, ICDE 2013,
Brisbane, Australia, April 8-12, 2013},
 doi = {10.1109/ICDE.2013.6544893},
 editor = {Christian S. Jensen and
Christopher M. Jermaine and
Xiaofang Zhou},
 pages = {1009--1020},
 publisher = {IEEE Computer Society},
 timestamp = {Thu, 21 Nov 2019 11:11:44 +0100},
 title = {FERRARI: Flexible and efficient reachability range assignment for
graph indexing},
 url = {https://doi.org/10.1109/ICDE.2013.6544893},
 year = {2013}
}

