@inproceedings{fetahu2016finding,
 author = {Fetahu, Besnik and Markert, Katja and Nejdl, Wolfgang and Anand, Avishek},
 booktitle = {Proceedings of the 25th ACM International on Conference on Information and Knowledge Management},
 pages = {337--346},
 title = {Finding news citations for wikipedia},
 year = {2016}
}

