@inproceedings{singh2016history,
 author = {Singh, Jaspreet and Nejdl, Wolfgang and Anand, Avishek},
 booktitle = {Proceedings of the 2016 ACM on Conference on Human Information Interaction and Retrieval},
 pages = {183--192},
 title = {History by diversity: Helping historians search news archives},
 year = {2016}
}

