@inproceedings{DBLP:conf/pkdd/KhoslaLNA19,
 author = {Megha Khosla and
Jurek Leonhardt and
Wolfgang Nejdl and
Avishek Anand},
 bibsource = {dblp computer science bibliography, https://dblp.org},
 biburl = {https://dblp.org/rec/conf/pkdd/KhoslaLNA19.bib},
 booktitle = {Machine Learning and Knowledge Discovery in Databases - European Conference,
ECML PKDD 2019, Würzburg, Germany, September 16-20, 2019,
Proceedings, Part I},
 doi = {10.1007/978-3-030-46150-8_24},
 editor = {Ulf Brefeld and
Élisa Fromont and
Andreas Hotho and
Arno J. Knobbe and
Marloes H. Maathuis and
Céline Robardet},
 pages = {395--411},
 publisher = {Springer},
 series = {Lecture Notes in Computer Science},
 timestamp = {Mon, 04 May 2020 13:59:16 +0200},
 title = {Node Representation Learning for Directed Graphs},
 url = {https://doi.org/10.1007/978-3-030-46150-8_24},
 volume = {11906},
 year = {2019}
}

