@article{DBLP:journals/corr/FetahuMNA17,
 archiveprefix = {arXiv},
 author = {Besnik Fetahu and
Katja Markert and
Wolfgang Nejdl and
Avishek Anand},
 bibsource = {dblp computer science bibliography, https://dblp.org},
 biburl = {https://dblp.org/rec/journals/corr/FetahuMNA17.bib},
 eprint = {1703.10339},
 journal = {CoRR},
 timestamp = {Mon, 13 Aug 2018 01:00:00 +0200},
 title = {Finding News Citations for Wikipedia},
 url = {http://arxiv.org/abs/1703.10339},
 volume = {abs/1703.10339},
 year = {2017}
}

