@article{wallat21:bertnesia:journal,
 archiveprefix = {arXiv},
 author = {Jonas Wallat and
Jaspreet Singh and
Avishek Anand},
 bibsource = {dblp computer science bibliography, https://dblp.org},
 biburl = {https://dblp.org/rec/journals/corr/abs-2106-02902.bib},
 eprint = {2106.02902},
 journal = {CoRR},
 timestamp = {Thu, 10 Jun 2021 01:00:00 +0200},
 title = {BERTnesia: Investigating the capture and forgetting of knowledge in
BERT},
 url = {https://arxiv.org/abs/2106.02902},
 volume = {abs/2106.02902},
 year = {2021}
}

