@article{DBLP:journals/tkde/KhoslaSA21,
 author = {Megha Khosla and
Vinay Setty and
Avishek Anand},
 bibsource = {dblp computer science bibliography, https://dblp.org},
 biburl = {https://dblp.org/rec/journals/tkde/KhoslaSA21.bib},
 doi = {10.1109/TKDE.2019.2951398},
 journal = {IEEE Trans. Knowl. Data Eng.},
 number = {5},
 pages = {1807--1818},
 timestamp = {Wed, 19 May 2021 01:00:00 +0200},
 title = {A Comparative Study for Unsupervised Network Representation Learning},
 url = {https://doi.org/10.1109/TKDE.2019.2951398},
 volume = {33},
 year = {2021}
}

