@article{DBLP:journals/corr/abs-1903-07902,
 archiveprefix = {arXiv},
 author = {Megha Khosla and
Avishek Anand and
Vinay Setty},
 bibsource = {dblp computer science bibliography, https://dblp.org},
 biburl = {https://dblp.org/rec/journals/corr/abs-1903-07902.bib},
 eprint = {1903.07902},
 journal = {CoRR},
 timestamp = {Mon, 01 Apr 2019 01:00:00 +0200},
 title = {A Comprehensive Comparison of Unsupervised Network Representation
Learning Methods},
 url = {http://arxiv.org/abs/1903.07902},
 volume = {abs/1903.07902},
 year = {2019}
}

