@article{DBLP:journals/corr/FetahuAA17,
 archiveprefix = {arXiv},
 author = {Besnik Fetahu and
Abhijit Anand and
Avishek Anand},
 bibsource = {dblp computer science bibliography, https://dblp.org},
 biburl = {https://dblp.org/rec/journals/corr/FetahuAA17.bib},
 eprint = {1703.10345},
 journal = {CoRR},
 timestamp = {Mon, 13 Aug 2018 01:00:00 +0200},
 title = {How much is Wikipedia Lagging Behind News?},
 url = {http://arxiv.org/abs/1703.10345},
 volume = {abs/1703.10345},
 year = {2017}
}

