@inproceedings{DBLP:conf/sigir/SinghNA16,
 author = {Jaspreet Singh and
Wolfgang Nejdl and
Avishek Anand},
 bibsource = {dblp computer science bibliography, https://dblp.org},
 biburl = {https://dblp.org/rec/conf/sigir/SinghNA16.bib},
 booktitle = {Proceedings of the 39th International ACM SIGIR conference on
Research and Development in Information Retrieval, SIGIR 2016, Pisa,
Italy, July 17-21, 2016},
 doi = {10.1145/2911451.2911465},
 editor = {Raffaele Perego and
Fabrizio Sebastiani and
Javed A. Aslam and
Ian Ruthven and
Justin Zobel},
 pages = {1105--1108},
 publisher = {ACM},
 timestamp = {Wed, 14 Nov 2018 10:58:11 +0100},
 title = {Expedition: A Time-Aware Exploratory Search System Designed for
Scholars},
 url = {https://doi.org/10.1145/2911451.2911465},
 year = {2016}
}

