@article{DBLP:journals/corr/abs-1812-03825,
 archiveprefix = {arXiv},
 author = {Avishek Anand and
Megha Khosla and
Jaspreet Singh and
Jan-Hendrik Zab and
Zijian Zhang},
 bibsource = {dblp computer science bibliography, https://dblp.org},
 biburl = {https://dblp.org/rec/journals/corr/abs-1812-03825.bib},
 eprint = {1812.03825},
 journal = {CoRR},
 timestamp = {Tue, 01 Jan 2019 00:00:00 +0100},
 title = {Asynchronous Training of Word Embeddings for Large Text Corpora},
 url = {http://arxiv.org/abs/1812.03825},
 volume = {abs/1812.03825},
 year = {2018}
}

