@inproceedings{DBLP:conf/websci/FetahuAA15,
 author = {Besnik Fetahu and
Abhijit Anand and
Avishek Anand},
 bibsource = {dblp computer science bibliography, https://dblp.org},
 biburl = {https://dblp.org/rec/conf/websci/FetahuAA15.bib},
 booktitle = {Proceedings of the ACM Web Science Conference, WebSci 2015, Oxford,
United Kingdom, June 28 - July 1, 2015},
 doi = {10.1145/2786451.2786460},
 editor = {David De Roure and
Pete Burnap and
Susan Halford},
 pages = {28:1--28:9},
 publisher = {ACM},
 timestamp = {Sat, 24 Nov 2018 11:59:52 +0100},
 title = {How much is Wikipedia Lagging Behind News?},
 url = {https://doi.org/10.1145/2786451.2786460},
 year = {2015}
}

