@inproceedings{DBLP:conf/www/LeonhardtAK18,
 author = {Jurek Leonhardt and
Avishek Anand and
Megha Khosla},
 bibsource = {dblp computer science bibliography, https://dblp.org},
 biburl = {https://dblp.org/rec/conf/www/LeonhardtAK18.bib},
 booktitle = {Companion of the The Web Conference 2018 on The Web Conference 2018,
WWW 2018, Lyon , France, April 23-27, 2018},
 doi = {10.1145/3184558.3186949},
 editor = {Pierre-Antoine Champin and
Fabien L. Gandon and
Mounia Lalmas and
Panagiotis G. Ipeirotis},
 pages = {101--102},
 publisher = {ACM},
 timestamp = {Wed, 21 Nov 2018 12:44:11 +0100},
 title = {User Fairness in Recommender Systems},
 url = {https://doi.org/10.1145/3184558.3186949},
 year = {2018}
}

