@inproceedings{DBLP:conf/www/HolzmannA16,
 author = {Helge Holzmann and
Avishek Anand},
 bibsource = {dblp computer science bibliography, https://dblp.org},
 biburl = {https://dblp.org/rec/conf/www/HolzmannA16.bib},
 booktitle = {Proceedings of the 25th International Conference on World Wide Web,
WWW 2016, Montreal, Canada, April 11-15, 2016, Companion Volume},
 doi = {10.1145/2872518.2890555},
 editor = {Jacqueline Bourdeau and
Jim Hendler and
Roger Nkambou and
Ian Horrocks and
Ben Y. Zhao},
 pages = {207--210},
 publisher = {ACM},
 timestamp = {Tue, 06 Nov 2018 00:00:00 +0100},
 title = {Tempas: Temporal Archive Search Based on Tags},
 url = {https://doi.org/10.1145/2872518.2890555},
 year = {2016}
}

