@phdthesis{DBLP:phd/dnb/Anand13,
 author = {Avishek Anand},
 bibsource = {dblp computer science bibliography, https://dblp.org},
 biburl = {https://dblp.org/rec/phd/dnb/Anand13.bib},
 school = {Saarland University},
 timestamp = {Wed, 12 Feb 2020 00:00:00 +0100},
 title = {Indexing methods for web archives},
 url = {http://scidok.sulb.uni-saarland.de/volltexte/2013/5531/},
 year = {2013}
}

