@inproceedings{DBLP:conf/cikm/AnandBBS10,
 author = {Avishek Anand and
Srikanta J. Bedathur and
Klaus Berberich and
Ralf Schenkel},
 bibsource = {dblp computer science bibliography, https://dblp.org},
 biburl = {https://dblp.org/rec/conf/cikm/AnandBBS10.bib},
 booktitle = {Proceedings of the 19th ACM Conference on Information and Knowledge
Management, CIKM 2010, Toronto, Ontario, Canada, October 26-30,
2010},
 doi = {10.1145/1871437.1871528},
 editor = {Jimmy Huang and
Nick Koudas and
Gareth J. F. Jones and
Xindong Wu and
Kevyn Collins-Thompson and
Aijun An},
 pages = {699--708},
 publisher = {ACM},
 timestamp = {Mon, 29 Jul 2019 01:00:00 +0200},
 title = {Efficient temporal keyword search over versioned text},
 url = {https://doi.org/10.1145/1871437.1871528},
 year = {2010}
}

