@inproceedings{kanhabua2016temporal,
 author = {Kanhabua, Nattiya and Anand, Avishek},
 booktitle = {Proceedings of the 39th International ACM SIGIR Conference on Research and Development in Information Retrieval},
 number = {SIGIR '16},
 organization = {ACM},
 pages = {1235--1238},
 title = {Temporal Information Retrieval},
 year = {2016}
}

