@inproceedings{DBLP:conf/wsdm/SinghA19,
 author = {Jaspreet Singh and
Avishek Anand},
 bibsource = {dblp computer science bibliography, https://dblp.org},
 biburl = {https://dblp.org/rec/conf/wsdm/SinghA19.bib},
 booktitle = {Proceedings of the Twelfth ACM International Conference on Web Search
and Data Mining, WSDM 2019, Melbourne, VIC, Australia, February
11-15, 2019},
 doi = {10.1145/3289600.3290620},
 editor = {J. Shane Culpepper and
Alistair Moffat and
Paul N. Bennett and
Kristina Lerman},
 pages = {770--773},
 publisher = {ACM},
 timestamp = {Sat, 30 May 2020 20:02:29 +0200},
 title = {EXS: Explainable Search Using Local Model Agnostic Interpretability},
 url = {https://doi.org/10.1145/3289600.3290620},
 year = {2019}
}

