@article{DBLP:journals/corr/HolzmannNA17,
 archiveprefix = {arXiv},
 author = {Helge Holzmann and
Wolfgang Nejdl and
Avishek Anand},
 bibsource = {dblp computer science bibliography, https://dblp.org},
 biburl = {https://dblp.org/rec/journals/corr/HolzmannNA17.bib},
 eprint = {1702.01151},
 journal = {CoRR},
 timestamp = {Mon, 13 Aug 2018 01:00:00 +0200},
 title = {The Dawn of Today's Popular Domains: A Study of the Archived German
Web over 18 Years},
 url = {http://arxiv.org/abs/1702.01151},
 volume = {abs/1702.01151},
 year = {2017}
}

