@inproceedings{DBLP:conf/complexnetworks/HolzmannAK18,
 author = {Helge Holzmann and
Avishek Anand and
Megha Khosla},
 bibsource = {dblp computer science bibliography, https://dblp.org},
 biburl = {https://dblp.org/rec/conf/complexnetworks/HolzmannAK18.bib},
 booktitle = {Complex Networks and Their Applications VII - Volume 1 Proceedings
The 7th International Conference on Complex Networks and Their Applications
COMPLEX NETWORKS 2018, Cambridge, UK, December 11-13, 2018},
 doi = {10.1007/978-3-030-05411-3_9},
 editor = {Luca Maria Aiello and
Chantal Cherifi and
Hocine Cherifi and
Renaud Lambiotte and
Pietro Li√≥ and
Luis M. Rocha},
 pages = {104--117},
 publisher = {Springer},
 series = {Studies in Computational Intelligence},
 timestamp = {Tue, 04 Dec 2018 09:57:54 +0100},
 title = {Delusive PageRank in Incomplete Graphs},
 url = {https://doi.org/10.1007/978-3-030-05411-3_9},
 volume = {812},
 year = {2018}
}

