@article{singh2020valid,
 author = {Singh, Jaspreet and Khosla, Megha and Anand, Avishek},
 journal = {arXiv preprint arXiv:2004.13972},
 title = {Valid Explanations for Learning to Rank Models},
 year = {2020}
}

