@inproceedings{paudel2013user,
 author = {Paudel, Bibek and Anand, Avishek and Berberich, Klaus},
 booktitle = {Workshop on Large-Scale Distributed Systems for Information Retrieval, LSDS-IR 2013},
 pages = {1984},
 title = {User-Defined Redundancy in Web Archives},
 year = {2013}
}

