@article{DBLP:journals/corr/HolzmannNA17a,
 archiveprefix = {arXiv},
 author = {Helge Holzmann and
Wolfgang Nejdl and
Avishek Anand},
 bibsource = {dblp computer science bibliography, https://dblp.org},
 biburl = {https://dblp.org/rec/journals/corr/HolzmannNA17a.bib},
 eprint = {1702.01159},
 journal = {CoRR},
 timestamp = {Mon, 13 Aug 2018 01:00:00 +0200},
 title = {On the Applicability of Delicious for Temporal Search on Web Archives},
 url = {http://arxiv.org/abs/1702.01159},
 volume = {abs/1702.01159},
 year = {2017}
}

