@inproceedings{zhang21:expred,
 author = {Zijian Zhang and
Koustav Rudra and
Avishek Anand},
 bibsource = {dblp computer science bibliography, https://dblp.org},
 biburl = {https://dblp.org/rec/conf/wsdm/0006RA21.bib},
 booktitle = {WSDM '21, The Fourteenth ACM International Conference on Web Search
and Data Mining, Virtual Event, Israel, March 8-12, 2021},
 doi = {10.1145/3437963.3441758},
 editor = {Liane Lewin-Eytan and
David Carmel and
Elad Yom-Tov and
Eugene Agichtein and
Evgeniy Gabrilovich},
 pages = {418--426},
 publisher = {ACM},
 timestamp = {Wed, 07 Apr 2021 15:49:26 +0200},
 title = {Explain and Predict, and then Predict Again},
 url = {https://doi.org/10.1145/3437963.3441758},
 year = {2021}
}

