@inproceedings{leonhardt2020boilerplate,
 author = {Leonhardt, Jurek and Anand, Avishek and Khosla, Megha},
 booktitle = {Companion Proceedings of the Web Conference 2020},
 pages = {226--229},
 title = {Boilerplate Removal using a Neural Sequence Labeling Model},
 year = {2020}
}

