@inproceedings{DBLP:conf/cikm/TranNKGA15,
 author = {Tuan Tran and
Claudia Nieder√©e and
Nattiya Kanhabua and
Ujwal Gadiraju and
Avishek Anand},
 bibsource = {dblp computer science bibliography, https://dblp.org},
 biburl = {https://dblp.org/rec/conf/cikm/TranNKGA15.bib},
 booktitle = {Proceedings of the 24th ACM International Conference on Information
and Knowledge Management, CIKM 2015, Melbourne, VIC, Australia,
October 19 - 23, 2015},
 doi = {10.1145/2806416.2806486},
 editor = {James Bailey and
Alistair Moffat and
Charu C. Aggarwal and
Maarten de Rijke and
Ravi Kumar and
Vanessa Murdock and
Timos K. Sellis and
Jeffrey Xu Yu},
 pages = {1201--1210},
 publisher = {ACM},
 timestamp = {Tue, 16 Apr 2019 17:19:28 +0200},
 title = {Balancing Novelty and Salience: Adaptive Learning to Rank Entities
for Timeline Summarization of High-impact Events},
 url = {https://doi.org/10.1145/2806416.2806486},
 year = {2015}
}

