@article{DBLP:journals/corr/abs-1910-05030,
 archiveprefix = {arXiv},
 author = {Maximilian Idahl and
Megha Khosla and
Avishek Anand},
 bibsource = {dblp computer science bibliography, https://dblp.org},
 biburl = {https://dblp.org/rec/journals/corr/abs-1910-05030.bib},
 eprint = {1910.05030},
 journal = {CoRR},
 timestamp = {Wed, 16 Oct 2019 01:00:00 +0200},
 title = {Finding Interpretable Concept Spaces in Node Embeddings using Knowledge
Bases},
 url = {http://arxiv.org/abs/1910.05030},
 volume = {abs/1910.05030},
 year = {2019}
}

