@inproceedings{DBLP:conf/cikm/FetahuMA15,
 author = {Besnik Fetahu and
Katja Markert and
Avishek Anand},
 bibsource = {dblp computer science bibliography, https://dblp.org},
 biburl = {https://dblp.org/rec/conf/cikm/FetahuMA15.bib},
 booktitle = {Proceedings of the 24th ACM International Conference on Information
and Knowledge Management, CIKM 2015, Melbourne, VIC, Australia,
October 19 - 23, 2015},
 doi = {10.1145/2806416.2806531},
 editor = {James Bailey and
Alistair Moffat and
Charu C. Aggarwal and
Maarten de Rijke and
Ravi Kumar and
Vanessa Murdock and
Timos K. Sellis and
Jeffrey Xu Yu},
 pages = {323--332},
 publisher = {ACM},
 timestamp = {Sat, 30 May 2020 01:00:00 +0200},
 title = {Automated News Suggestions for Populating Wikipedia Entity Pages},
 url = {https://doi.org/10.1145/2806416.2806531},
 year = {2015}
}

