@inproceedings{kiesel2018toward,
 author = {Kiesel, Johannes and Bahrami, Arefeh and Stein, Benno and Anand, Avishek and Hagen, Matthias},
 booktitle = {The 41st International ACM SIGIR Conference on Research & Development in Information Retrieval},
 pages = {1257--1260},
 title = {Toward voice query clarification},
 year = {2018}
}

