@inproceedings{anand2020conversational,
 author = {Anand, Avishek and Cavedon, Lawrence and Joho, Hideo and Sanderson, Mark and Stein, Benno},
 booktitle = {Dagstuhl Reports},
 number = {11},
 organization = {Schloss Dagstuhl-Leibniz-Zentrum f√ºr Informatik},
 title = {Conversational Search (Dagstuhl Seminar 19461)},
 volume = {9},
 year = {2020}
}

