@article{DBLP:journals/corr/abs-1810-09176,
 archiveprefix = {arXiv},
 author = {Megha Khosla and
Jurek Leonhardt and
Wolfgang Nejdl and
Avishek Anand},
 bibsource = {dblp computer science bibliography, https://dblp.org},
 biburl = {https://dblp.org/rec/journals/corr/abs-1810-09176.bib},
 eprint = {1810.09176},
 journal = {CoRR},
 timestamp = {Wed, 31 Oct 2018 00:00:00 +0100},
 title = {Node Representation Learning for Directed Graphs},
 url = {http://arxiv.org/abs/1810.09176},
 volume = {abs/1810.09176},
 year = {2018}
}

