@inproceedings{singh2017designing,
 author = {Singh, Jaspreet and Anand, Avishek},
 booktitle = {Proceedings of the 2017 Conference on Conference Human Information Interaction and Retrieval},
 pages = {361--364},
 title = {Designing Search Tasks for Archive Search},
 year = {2017}
}

