@article{fetahu2017fine,
 author = {Fetahu, Besnik and Markert, Katja and Anand, Avishek},
 journal = {arXiv preprint arXiv:1707.07278},
 title = {Fine grained citation span for references in wikipedia},
 year = {2017}
}

