@inproceedings{DBLP:conf/sigir/KieselBSAH18,
 author = {Johannes Kiesel and
Arefeh Bahrami and
Benno Stein and
Avishek Anand and
Matthias Hagen},
 bibsource = {dblp computer science bibliography, https://dblp.org},
 biburl = {https://dblp.org/rec/conf/sigir/KieselBSAH18.bib},
 booktitle = {The 41st International ACM SIGIR Conference on Research & Development
in Information Retrieval, SIGIR 2018, Ann Arbor, MI, USA, July 08-12,
2018},
 doi = {10.1145/3209978.3210160},
 editor = {Kevyn Collins-Thompson and
Qiaozhu Mei and
Brian D. Davison and
Yiqun Liu and
Emine Yilmaz},
 pages = {1257--1260},
 publisher = {ACM},
 timestamp = {Wed, 30 Oct 2019 00:00:00 +0100},
 title = {Toward Voice Query Clarification},
 url = {https://doi.org/10.1145/3209978.3210160},
 year = {2018}
}

