@article{zhang2019dissonance,
 author = {Zhang, Zijian and Singh, Jaspreet and Gadiraju, Ujwal and Anand, Avishek},
 journal = {Proceedings of the ACM on Human-Computer Interaction},
 number = {CSCW},
 pages = {1--23},
 publisher = {ACM New York, NY, USA},
 title = {Dissonance between human and machine understanding},
 url = {https://arxiv.org/abs/2101.07337},
 volume = {3},
 year = {2019}
}

