@article{DBLP:journals/corr/abs-2004-11980,
 archiveprefix = {arXiv},
 author = {Rishiraj Saha Roy and
Avishek Anand},
 bibsource = {dblp computer science bibliography, https://dblp.org},
 biburl = {https://dblp.org/rec/journals/corr/abs-2004-11980.bib},
 eprint = {2004.11980},
 journal = {CoRR},
 timestamp = {Tue, 28 Apr 2020 01:00:00 +0200},
 title = {Question Answering over Curated and Open Web Sources},
 url = {https://arxiv.org/abs/2004.11980},
 volume = {abs/2004.11980},
 year = {2020}
}

