@article{anand2018asynchronous,
 author = {Anand, Avishek and Khosla, Megha and Singh, Jaspreet and Zab, Jan-Hendrik and Zhang, Zijian},
 title = {Asynchronous Training of Word Embeddings for Large Text Corpora},
 year = {2018}
}

