@article{volske2021towards,
 author = {Völske, Michael and Bondarenko, Alexander and Fröbe, Maik and Hagen, Matthias and Stein, Benno and Singh, Jaspreet and Anand, Avishek},
 journal = { ACM SIGIR International Conference on the Theory of Information Retrieval (ICTIR)},
 title = {Towards Axiomatic Explanations for Neural Ranking Models},
 url = {https://arxiv.org/abs/2106.08019},
 year = {2021}
}

