@inproceedings{leonhardt2018user,
 author = {Leonhardt, Jurek and Anand, Avishek and Khosla, Megha},
 booktitle = {Companion Proceedings of the The Web Conference 2018},
 organization = {International World Wide Web Conferences Steering Committee},
 pages = {101--102},
 title = {User Fairness in Recommender Systems},
 year = {2018}
}

