@inproceedings{DBLP:conf/sigir/KanhabuaA16,
 author = {Nattiya Kanhabua and
Avishek Anand},
 bibsource = {dblp computer science bibliography, https://dblp.org},
 biburl = {https://dblp.org/rec/conf/sigir/KanhabuaA16.bib},
 booktitle = {Proceedings of the 39th International ACM SIGIR conference on
Research and Development in Information Retrieval, SIGIR 2016, Pisa,
Italy, July 17-21, 2016},
 doi = {10.1145/2911451.2914805},
 editor = {Raffaele Perego and
Fabrizio Sebastiani and
Javed A. Aslam and
Ian Ruthven and
Justin Zobel},
 pages = {1235--1238},
 publisher = {ACM},
 timestamp = {Wed, 14 Nov 2018 10:58:11 +0100},
 title = {Temporal Information Retrieval},
 url = {https://doi.org/10.1145/2911451.2914805},
 year = {2016}
}

