@article{idahl2019finding,
 author = {Idahl, Maximilian and Khosla, Megha and Anand, Avishek},
 journal = {arXiv preprint arXiv:1910.05030},
 title = {Finding Interpretable Concept Spaces in Node Embeddings using Knowledge Bases},
 year = {2019}
}

