@article{DBLP:journals/corr/abs-2005-08658,
 archiveprefix = {arXiv},
 author = {Avishek Anand and
Lawrence Cavedon and
Matthias Hagen and
Hideo Joho and
Mark Sanderson and
Benno Stein},
 bibsource = {dblp computer science bibliography, https://dblp.org},
 biburl = {https://dblp.org/rec/journals/corr/abs-2005-08658.bib},
 eprint = {2005.08658},
 journal = {CoRR},
 timestamp = {Fri, 22 May 2020 01:00:00 +0200},
 title = {Conversational Search - A Report from Dagstuhl Seminar 19461},
 url = {https://arxiv.org/abs/2005.08658},
 volume = {abs/2005.08658},
 year = {2020}
}

