@article{DBLP:journals/corr/KhoslaA16,
 archiveprefix = {arXiv},
 author = {Megha Khosla and
Avishek Anand},
 bibsource = {dblp computer science bibliography, https://dblp.org},
 biburl = {https://dblp.org/rec/journals/corr/KhoslaA16.bib},
 eprint = {1611.07786},
 journal = {CoRR},
 timestamp = {Mon, 13 Aug 2018 01:00:00 +0200},
 title = {A Faster Algorithm for Cuckoo Insertion and Bipartite Matching in
Large Graphs},
 url = {http://arxiv.org/abs/1611.07786},
 volume = {abs/1611.07786},
 year = {2016}
}

