@inproceedings{ernst2017bionex,
 author = {Ernst, Patrick and Mishra, Arunav and Anand, Avishek and Setty, Vinay},
 booktitle = {Proceedings of the 40th International ACM SIGIR Conference on Research and Development in Information Retrieval},
 pages = {1277--1280},
 title = {Bionex: A system for biomedical news event exploration},
 year = {2017}
}

