@inproceedings{holzmann2017exploring,
 author = {Holzmann, Helge and Nejdl, Wolfgang and Anand, Avishek},
 booktitle = {Proceedings of the 2017 ACM on Web Science Conference},
 pages = {289--298},
 title = {Exploring web archives through temporal anchor texts},
 year = {2017}
}

