@inproceedings{tran2015balancing,
 author = {Tran, Tuan A and Niederee, Claudia and Kanhabua, Nattiya and Gadiraju, Ujwal and Anand, Avishek},
 booktitle = {Proceedings of the 24th ACM International on Conference on Information and Knowledge Management},
 pages = {1201--1210},
 title = {Balancing novelty and salience: Adaptive learning to rank entities for timeline summarization of high-impact events},
 year = {2015}
}

