@article{DBLP:journals/corr/abs-1902-01740,
 archiveprefix = {arXiv},
 author = {Besnik Fetahu and
Avishek Anand and
Maria Koutraki},
 bibsource = {dblp computer science bibliography, https://dblp.org},
 biburl = {https://dblp.org/rec/journals/corr/abs-1902-01740.bib},
 eprint = {1902.01740},
 journal = {CoRR},
 timestamp = {Tue, 21 May 2019 01:00:00 +0200},
 title = {TableNet: An Approach for Determining Fine-grained Relations for Wikipedia
Tables},
 url = {http://arxiv.org/abs/1902.01740},
 volume = {abs/1902.01740},
 year = {2019}
}

