@inproceedings{rudra2020distant,
 author = {Rudra, Koustav and Anand, Avishek},
 booktitle = {Proceedings of the 29th ACM International Conference on Information & Knowledge Management},
 pages = {2197--2200},
 title = {Distant Supervision in BERT-based Adhoc Document Retrieval},
 year = {2020}
}

