@inproceedings{holzmann2016dawn,
 author = {Holzmann, Helge and Nejdl, Wolfgang and Anand, Avishek},
 booktitle = {2016 IEEE/ACM Joint Conference on Digital Libraries (JCDL)},
 organization = {IEEE},
 pages = {73--82},
 title = {The Dawn of today's popular domains: A study of the archived German Web over 18 years},
 year = {2016}
}

