@inproceedings{singh2016expedition,
 author = {Singh, Jaspreet and Nejdl, Wolfgang and Anand, Avishek},
 booktitle = {Proceedings of the 39th International ACM SIGIR conference on Research and Development in Information Retrieval},
 pages = {1105--1108},
 title = {Expedition: a time-aware exploratory search system designed for scholars},
 year = {2016}
}

