@article{DBLP:journals/corr/abs-2004-14294,
 archiveprefix = {arXiv},
 author = {Jurek Leonhardt and
Avishek Anand and
Megha Khosla},
 bibsource = {dblp computer science bibliography, https://dblp.org},
 biburl = {https://dblp.org/rec/journals/corr/abs-2004-14294.bib},
 eprint = {2004.14294},
 journal = {CoRR},
 timestamp = {Sun, 03 May 2020 01:00:00 +0200},
 title = {Boilerplate Removal using a Neural Sequence Labeling Model},
 url = {https://arxiv.org/abs/2004.14294},
 volume = {abs/2004.14294},
 year = {2020}
}

