@inproceedings{anand2016exploring,
 author = {Anand, Avishek and Bailey, Jefferson},
 booktitle = {Proceedings of the 8th ACM Conference on Web Science},
 pages = {14--14},
 title = {Exploring the past of the web: alexandria & archive-it hackathon},
 year = {2016}
}

