@article{DBLP:journals/corr/abs-2004-13972,
 archiveprefix = {arXiv},
 author = {Jaspreet Singh and
Megha Khosla and
Avishek Anand},
 bibsource = {dblp computer science bibliography, https://dblp.org},
 biburl = {https://dblp.org/rec/journals/corr/abs-2004-13972.bib},
 eprint = {2004.13972},
 journal = {CoRR},
 timestamp = {Sat, 02 May 2020 01:00:00 +0200},
 title = {Valid Explanations for Learning to Rank Models},
 url = {https://arxiv.org/abs/2004.13972},
 volume = {abs/2004.13972},
 year = {2020}
}

